2195 3032
514 231 590 271 175
803 213 1195 272 ANTIQUJT.
1252 213 1477 258 MEDJJ
1529 214 1703 259 AEVJ

448 274 599 309 Domini
628 272 732 308 nostri
758 271 835 316 Jesu
863 272 1015 317 Christi,
1042 273 1104 321 qui
1126 287 1204 310 cum

449 325 551 359 Patre
579 323 615 358 in
644 322 779 358 unitate
816 322 967 369 Spiritus
1003 324 1120 361 San5H
1149 325 1201 361 vi.

447 374 504 409 vit
532 375 566 408 &
603 381 724 421 regnat
760 373 798 407 in
835 372 948 408 secula
985 373 1203 412 seculorum'.

447 425 564 460 Amen
579 450 587 458 .
607 423 716 460 Oratio
730 423 798 469 post
817 424 993 458 Gladium:
1011 426 1123 470 Deus,
1144 427 1205 475 qni

447 473 670 521 providentia
695 473 754 508 tua
779 473 935 509 caelestia
961 474 1060 511 fimul
1084 477 1118 511 8<
1139 486 1204 513 ter-

446 537 528 559 rena
557 523 773 568 moderaris,
812 524 1003 574 propitiare
1039 525 1202 563 Christia-

443 573 588 623 ggss‘iimo
617 573 706 622 Regi
742 574 879 619 nostr0,
915 584 953 611 ut
991 577 1108 612 omnis
1143 577 1202 613 ho-

446 628 548 660 lt‘xum
587 623 726 660 suorum
762 624 935 661 fortitudo
962 626 1096 663 virtute
1122 630 1201 663 Gla·

447 674 498 710 dii
526 674 758 723 spiritualiter
785 674 984 724 frangatur,
1012 686 1116 725 atque
1144 692 1206 726 pro

446 725 513 760 illo
533 734 710 773 pugnante
732 725 870 775 penitus
891 737 1111 765 conteratur.
1141 731 1205 765 Per

447 775 625 812 Christum
652 777 720 812 &c.

497 827 583 862 Hine
617 837 791 863 coronetur.
828 831 918 863 Tunc
952 829 1206 865 ,Archidiaconus

446 877 580 924 accipiat
605 881 758 913 Coronam
780 880 818 913 de
838 880 956 914 Altari
972 880 1086 915 Sanfli
1105 883 1203 915 Mau-

447 929 517 962 ritii
529 956 539 971 ,
566 929 610 963 (9¹
624 930 770 976 porrigat
790 930 926 964 Domino
945 933 1071 976 Papae.
1095 934 1203 977 ‚Quam

446 993 540 1027 quum
567 980 723 1015 Dominus
757 983 849 1027 Papa
882 981 1017 1027 posuerit
1037 981 1131 1028 snper
1157 996 1204 1016 ca-

442 1040 504 1078 put
529 1030 658 1075 EleHi,
684 1031 772 1066 dicat
797 1031 877 1065 hanc
903 1032 1081 1066 Orationem
1091 1045 1106 1065 .·
1132 1033 1202 1067 Ac-

446 1081 523 1123 cipe
560 1079 693 1129 iignum
730 1081 864 1129 gloriae
900 1081 937 1116 in
965 1082 1109 1117 nornine
1141 1084 1201 1118 Pa-

447 1131 510 1168 tris
537 1132 571 1166 8<
609 1131 757 1168 Filii&
794 1131 944 1178 Spiritus
981 1132 1127 1181 Sanffli3
1165 1141 1204 1169 ut

446 1182 560 1232 spreto
588 1182 736 1230 antiquo
764 1181 877 1227 hoste,
905 1182 1094 1231 spretisque
1122 1196 1202 1218 cons

446 1231 552 1281 tagiis
571 1232 732 1269 omnium
753 1233 925 1268 vitiorum
938 1262 948 1278 ,
969 1233 1012 1268 fic
1031 1233 1202 1282 judicium

445 1285 479 1318 &
509 1282 675 1330 justitiam
704 1283 853 1331 diligas,
881 1284 986 1320 &ita
1007 1284 1200 1322 misericor-

446 1333 537 1368 diter
564 1331 687 1375 vivas,
715 1342 754 1367 ut
781 1334 823 1368 ab
851 1333 926 1382 ipso
955 1335 1112 1369 Domino
1140 1349 1199 1370 no-

445 1384 510 1419 stro
537 1382 613 1426 Jesu
641 1382 781 1418 Christo
802 1383 840 1419 in
861 1383 1038 1421 consortio
1059 1384 1200 1419 Saneto-

447 1447 522 1470 rum
538 1433 670 1469 aeterni
693 1432 806 1481 Regni
824 1446 988 1468 coronam
1011 1434 1180 1481 percipias
1193 1461 1200 1471 .

446 1484 520 1530 Qui
548 1498 628 1520 cum
658 1486 758 1519 Patre
786 1485 852 1519 &c.
881 1484 1040 1531 Irapofitio
1067 1489 1204 1519 Coronae

440 1537 534 1582 snper
560 1546 652 1581 caput
680 1535 844 1580 Reginae.
881 1539 988 1580 ‚Quam
1023 1548 1117 1582 quum
1145 1536 1201 1569 im-

442 1586 533 1633 ponit
559 1585 715 1621 Dominus
750 1587 841 1631 Papa
870 1585 965 1630 super
991 1597 1083 1632 caput
1109 1585 1176 1630 ejus
1193 1613 1201 1629 ‚

448 1637 609 1684 imponant
636 1648 747 1669 manus
762 1635 879 1682 septem
895 1635 1043 1681 Episcopi
1051 1650 1071 1677 ,·
1091 1636 1134 1669 &¹
1151 1636 1200 1670 di-

445 1698 494 1721 σαι·
529 1686 685 1722 Dominus
719 1689 812 1734 Papa
846 1686 917 1720 alta
950 1698 1051 1720 voce:
1085 1686 1202 1733 septem

446 1737 593 1785 Episcopi
612 1747 766 1779 taceant,·
785 1735 920 1784 Accipe
940 1738 1117 1772 Coronam
1137 1739 1199 1773 Re-

446 1788 534 1836 galis
562 1786 815 1831 excellentiae,
851 1799 940 1834 quae
967 1786 1052 1822 licet
1080 1787 1121 1822 ab
1149 1788 1200 1823 in-

446 1837 584 1886 dignis,
612 1836 866 1885 Episcoporum
894 1846 1011 1873 tamen
1041 1837 1200 1873 manibus

446 1888 555 1936 capiti
598 1897 660 1923 tuo
697 1887 919 1936 imponitur.
961 1887 1063 1923 Unde
1102 1889 1201 1925 velut

446 1939 529 1974 haec
557 1938 710 1975 exterius
738 1952 821 1974 auro
848 1938 893 1973 est
919 1939 952 1973 δ(
980 1938 1129 1987 gemmis
1153 1952 1198 1974 re-

447 1989 595 2032 dimita,
623 1989 674 2024 ita
703 1998 742 2024 tu
778 1989 928 2026 interius
961 2002 1044 2027 auro
1071 1989 1200 2038 sapien-

447 2040 540 2085 tiae,
580 2040 825 2087 virtutumque
861 2039 1010 2088 gemmis
1047 2039 1201 2076 decorari

449 2090 637 2126 contendas
650 2118 659 2135 ‚
681 2099 850 2137 quatenus
873 2090 943 2138 post
963 2090 1121 2126 occasum
1141 2090 1198 2126 hu-

449 2142 500 2191 jus
528 2140 643 2177 Seculi
671 2154 751 2179 curn
787 2140 1015 2188 prudentibus
1043 2140 1199 2189 Virgini-

450 2193 511 2227 bus
550 2191 671 2239 sponso
714 2191 856 2240 perenni
894 2191 1053 2228 Domino
1090 2191 1203 2227 nostro

448 2242 523 2286 Jesu
551 2242 691 2278 Christo
718 2242 822 2292 digne
842 2243 875 2278 ὃ(
903 2242 1128 2278 laudabiliter
1147 2256 1202 2277 oc·

450 2307 563 2329 curras
576 2321 584 2336 ‚
602 2294 811 2341 januamque
829 2292 978 2328 caelestis
997 2292 1110 2341 Regni
1126 2306 1202 2329 cum

451 2343 571 2379 eodem
609 2343 744 2392 ingredi
782 2344 965 2379 merearis.
1007 2344 1082 2389 Qui
1124 2357 1202 2382 cum

451 2396 528 2428 Deo
570 2396 671 2429 Patre
704 2395 741 2429 δ(
777 2394 910 2442 Spiritu
948 2394 1074 2429 Samsto
1109 2394 1205 2430 vivit

452 2445 485 2479 &
506 2452 625 2490 regnat
653 2446 746 2479 Deus
773 2458 833 2490 per
859 2444 1000 2480 infinita
1028 2444 1138 2480 secula
1161 2445 1202 2480 se-

453 2494 632 2530 culorum.
675 2496 815 2530 Amen.
852 2496 930 2530 Hei„-
963 2496 1017 2530 a'et
1052 2496 1206 2531 Dominus

454 2548 546 2592 Papa
580 2547 739 2592 Sceptrum
774 2546 978 2593 Imperatori,
1015 2546 1059 2581 (9⁶
1091 2546 1225 2592 dicatt·

1912 219 1994 277 176

1237 276 1268 310 A
1300 274 1433 324 Accipe
1454 277 1635 324 Sceptrum
1657 274 1787 325 Regiae
1806 277 1982 324 potestatis
1999 279 2056 316 ini

1299 324 1410 373 figne,
1440 325 1575 374 virgam
1603 326 1739 362 scilicet
1761 325 1893 363 regiam
1918 330 2055 379 Regni,

1301 376 1434 423 virgam
1463 377 1630 421 virtutis,
1667 391 1734 425 qua
1762 387 1797 414 te
1823 378 1938 427 ipsum
1968 381 2055 417 bene

1298 440 1415 475 regas,
1443 426 1594 463 san‹9mm
1623 427 1834 474 Ecclesiam,
1864 431 2057 479 Populum-

1298 490 1364 524 que
1405 477 1642 514 Christianum
1678 479 1748 515 tibi
1783 481 1803 514 a
1841 482 1918 516 Deo
1959 494 2057 517 com-

1299 527 1436 562 missum
1481 529 1590 576 Regia
1630 529 1763 566 virtute
1799 531 1842 566 ab
1882 531 2055 579 improbis

1299 577 1481 621 defendas,
1511 592 1634 626 pravos
1662 581 1835 629 corrigas,
1863 581 1976 617 refilos
1997 595 2056 630 pa-

1300 626 1443 672 cifices,
1485 629 1518 663 8<
1559 638 1597 664 ut
1633 630 1730 665 viam
1765 630 1894 666 reetam
1936 641 2055 668 tenere

1300 677 1449 725 poffint,
1477 688 1539 714 tuo
1567 680 1746 727 juvamine
1772 681 1930 730 dirigas;
1970 696 2054 730 qua·

1298 738 1397 764 tenus
1425 728 1466 764 de
1494 731 1680 778 temporali
1718 734 1838 780 Regno
1867 731 1908 767 ad
1944 742 2054 768 aeter-

1297 791 1380 813 num
1409 780 1591 827 pervenis,
1627 780 1702 829 ipso
1739 783 1954 830 adjuvante,
1992 796 2051 819 cu·

1297 829 1349 877 jus
1388 832 1546 878 Regnum
1573 833 1609 866 5<
1645 833 1836 880 Imperium
1875 832 1943 868 fine
1980 832 2050 869 fine

1299 890 1495 928 permaneat
1524 881 1560 915 in
1597 881 1709 917 secula
1744 882 1963 919 seculorum.
1999 885 2050 919 A-

1299 943 1378 965 men
1390 957 1398 965 .
1426 932 1534 965 Oratio
1550 932 1615 977 post
1632 933 1742 967 datum
1761 937 1786 968 S
1787 944 1920 981 ceptrum
1930 948 1944 968 .·
1965 936 2050 969 Om-

1297 980 1396 1015 nium
1434 982 1588 1017 Domine
1624 981 1700 1018 fons
1739 984 1931 1027 bonorum,
1968 998 2050 1019 cun·

1298 1030 1504 1080 &lorumque
1517 1035 1609 1068 Deus
1622 1033 1798 1069 institutor
1810 1034 2027 1082 profe3uum
2040 1062 2049 1078 ,

1299 1081 1436 1126 tribue,
1472 1083 1698 1129 quaesumus,
1735 1084 1868 1119 famulo
1904 1094 1966 1120 tuo
2004 1087 2050 1121 N.

1298 1131 1456 1179 adeptam
1486 1134 1570 1168 bene
1597 1148 1712 1183 regere
1746 1134 1980 1183 dignitatem,
2015 1137 2048 1170 ἃ

1297 1183 1316 1217 ὲ
1343 1191 1378 1218 te
1406 1182 1466 1218 fibi
1505 1184 1700 1232 praestitum
1738 1185 1908 1220 honorem
1936 1199 2050 1221 corro-

1299 1233 1418 1269 borare
1444 1233 1606 1283 dignare.
1635 1234 1843 1271 Honorifica
1863 1249 1942 1271 eum
1971 1249 2050 1284 prae

1299 1284 1433 1320 cunetis
1471 1285 1623 1334 Regibus
1654 1294 1787 1321 terrae.
1824 1286 1934 1321 Verbi
1970 1299 2050 1322 eum

1300 1334 1542 1370 benediaione
1578 1337 1780 1383 locupleta,
1816 1337 1849 1371 δ(
1887 1336 1925 1371 in
1960 1335 2050 1372 solio

1301 1384 1411 1432 Regni
1432 1384 1531 1419 firma
1557 1385 1744 1420 stabilitate
1764 1385 1961 1420 consolida.
1986 1387 2051 1421 Vi.

1300 1432 1359 1468 fita
1386 1447 1465 1469 eum
1493 1434 1531 1469 in
1558 1434 1696 1470 sobole.
1726 1434 1856 1470 Praesta
1883 1435 1916 1470 ei
1943 1435 2052 1484 proli-

1298 1483 1447 1519 xitatem
1476 1484 1595 1521 vitae.
1632 1488 1672 1520 ln
1708 1485 1829 1521 diebus
1857 1485 1929 1533 ejus
1965 1485 2051 1521 sem-

1300 1548 1357 1582 per
1384 1534 1518 1570 oriatur
1555 1535 1711 1583 justitia,
1749 1545 1788 1571 ut
1815 1549 1893 1572 cum
1931 1536 2051 1584 jocun-

1298 1585 1408 1620 ditate
1446 1587 1480 1621 &
1521 1586 1659 1622 laetitia
1701 1596 1842 1622 aeterno
1882 1586 2051 1635 glorietur

1298 1635 1334 1669 in
1372 1638 1518 1684 Regn03
1557 1649 1616 1684 per
1653 1637 1849 1672 Dominum
1876 1638 1942 1672 &c.
1979 1639 2052 1679 Post

1298 1686 1370 1720 haec
1396 1687 1551 1721 Dominus
1576 1690 1668 1734 Papa
1695 1701 1761 1721 cnm
1790 1687 1861 1731 suis
1887 1687 2051 1729 Mim'stris

1298 1737 1342 1770 ad
1365 1737 1487 1771 Altare
1513 1737 1598 1771 beati
1624 1738 1713 1771 Petri
1741 1738 1926 1772 revertitur.
1963 1741 2052 1772 Tunc

1298 1787 1476 1830 Praesefflus
1512 1787 1605 1822 Urbis
1640 1788 1683 1821 (9⁴
1717 1787 1921 1822 Primicerius·
1948 1787 2051 1831 sudi-

1297 1851 1362 1871 cum
1381 1839 1536 1872 deducant
1555 1840 1771 1884 Imperatorem
1781 1852 1800 1880 ;
1827 1838 2053 1884 Imperatricem

1298 1901 1371 1922 vero
1397 1888 1576 1932 Praeseffus
1602 1889 1766 1933 Navalis,
1804 1889 1847 1922 (9'
1871 1888 2050 1923 Secundice-

1297 1939 1362 1972 rius
1378 1939 1553 1983 judicum.

1348 1990 1475 2036 Quibus
1502 1990 1534 2023 in
1562 1989 1636 2023 locis
1663 1990 1734 2034 suis
1762 1989 1835 2036 jam
1862 1989 2051 2035 stantibus,

1298 2042 1453 2074 Dominus
1481 2043 1573 2085 Papa
1602 2040 1738 2086 incipit:
1772 2040 1896 2075 Gloria
1928 2039 1965 2075 in
1993 2053 2053 2075 ex-

1297 2089 1391 2125 celfis
1428 2092 1504 2125 Deo
1538 2091 1603 2125 ἃς.
1640 2093 1687 2124 Et
1720 2091 1834 2124 Schola
1868 2090 2053 2137 respondet.

1300 2141 1424 2176 Deinde
1448 2141 1527 2176 dicit
1545 2141 1624 2174 banc
1642 2141 1843 2174 Orationem:
1872 2142 1965 2176 Deus
1986 2143 2052 2177 Re-

1297 2204 1443 2239 gnorum
1470 2191 1630 2226 omnium
1651 2192 1716 2225 &c.
1735 2195 1812 2236 ‚Qua
1829 2191 1955 2235 finita,
1982 2195 2054 2226 Ar.

1298 2242 1495 2276 chicliaconus
1520 2255 1587 2276 cum
1612 2241 1719 2276 ceteris
1747 2242 1874 2276 Palatii
1900 2242 2054 2277 Diaconi-

1299 2294 1354 2326 bus
1381 2293 1423 2326 (9¹
1458 2292 1640 2328 Primicerio
1667 2293 1709 2325 Θ·
1735 2292 1942 2326 Subdiasonis
1970 2293 2052 2326 inter

1298 2346 1425 2377 Crucem
1451 2343 1495 2377 (9⁰
1511 2343 1632 2377 Altare
1659 2342 1817 2389 incipiunt
1834 2343 1892 2378 bas
1917 2343 2052 2377 laudes.-

1299 2393 1434 2429 Exaudi
1470 2392 1631 2429 Christe.
1665 2394 1778 2428 Schola
1803 2407 1870 2428 curn
1906 2393 2052 2428 Notariis

1298 2444 1330 2478 in
1357 2444 1454 2479 Choro
1481 2444 1663 2491 respondet:
1691 2443 1848 2478 Domino
1875 2443 1987 2478 nostro
2007 2444 2051 2479 C.

1296 2495 1315 2528 a
1351 2496 1426 2530 Deo
1462 2494 1601 2529 decreto
1637 2493 1773 2529 summo
1811 2493 1977 2530 Pontifici
2014 2494 2049 2528 δε

1278 2544 1483 2592 ¹universali
1521 2546 1655 2594 Papae,
1693 2544 1793 2581 vita.
1831 2548 1879 2580 Et
1903 2546 1956 2581 boc
1981 2553 2052 2578 ter.

1937 2595 2002 2630 Ite.
