2195 3032
232 250 312 290 701
540 226 1047 273 DJSSERTATJO
1100 223 1403 269 OCTAVA.·
1630 234 1713 280 702

175 296 300 328 Domna
326 291 496 334 Μαΐῖἶᾰα,
523 289 584 324 tibi
611 289 676 321 Deo
693 314 701 328 ,

167 343 261 386 sterio
287 342 398 377 ,ςαηὲἶὶ
423 341 603 375 salvatoris
620 345 658 371 de
680 340 828 372 Fontana
847 341 926 371 Tao-

174 394 230 436 m‘,
268 394 309 426 (9⁴
348 391 408 426 tibi
432 389 582 435 Johanm'
615 388 769 427 Abbati,
806 388 927 434 tuisque

166 441 404 489 successoribus,
441 439 549 482 nostris
577 442 664 473 rebus
689 438 772 473 omni
798 449 929 484 tempore

171 496 213 532 ab
239 493 322 526 omni
355 491 476 524 homine
510 490 668 534 defensare
697 489 786 535 justa
813 493 926 535 Legem

174 542 312 578 Damna
338 540 414 575 liris
441 541 560 576 omnia
591 540 730 575 sustinet
747 566 756 574 .
786 542 880 585 ‚Quod
898 538 931 580 si

173 595 216 628 ad
241 590 461 635 defensandum
489 591 615 625 minime
635 591 757 635 fecero,
785 600 842 624 aut
861 603 927 624 con-

172 654 224 677 tra
249 645 326 677 hanc
353 642 544 687 offertionem
569 653 624 688 per
650 646 856 688 quodcumque
875 640 928 673 vis

173 693 334 739 ingenium
360 706 449 737 agere
475 703 532 727 avt
556 692 677 734 cassare
701 691 929 738 pocsumpsero,

740 287 782 321 (9⁴
809 289 925 321 Mona·
955 289 986 322 A
1018 287 1126 330 davi,
1162 286 1198 321 in
1236 299 1324 333 quae
1360 286 1464 332 longe
1499 282 1638 319 facilius
1668 286 1772 333 quam

1019 338 1054 371 in
1091 337 1304 384 autographa
1341 348 1470 370 errores
1507 334 1697 383 irrepsisse,
1735 349 1772 370 ac

1017 387 1165 434 irrepere
1192 387 1381 421 novimus.
1419 386 1642 433 Legebatur,
1671 397 1710 423 ut
1736 401 1774 423 o.

1020 438 1142 486 pinor,
1167 437 1203 472 in
1232 436 1399 485 originali
1424 436 1539 470 India.
1565 439 1626 473 ΙΙΙ.
1655 447 1690 473 at
1718 452 1775 487 pa..

1020 501 1095 523 rum
1117 497 1271 522 attentus
1292 487 1483 534 descriptor
1503 487 1700 535 conjunEtis
1721 490 1774 525 in.

1019 548 1118 573 caute
1155 537 1278 587 primis
1306 537 1436 572 duabus
1472 539 1709 574 numeralibus
1738 553 1775 575 u.

1018 589 1212 631 nitatibus,
1248 587 1452 622 Indifflionem
1483 590 1539 622 Vl.
1576 589 1676 624 nobis
1713 591 1774 625 ob.

1017 638 1134 674 trufit.
1164 641 1269 675 Nunc
1296 651 1351 672 me
1378 639 1568 685 compellat
1593 653 1775 687 argumen-

1018 691 1046 724 ti
1074 690 1187 732 ordo,
1224 697 1263 723 ut
1298 688 1431 722 edicam
1450 715 1460 731 ,
1498 690 1553 723 vel
1591 700 1670 724 ante
1699 692 1774 725 An.

171 744 226 778 vel
245 742 277 784 fi
295 743 460 788 agentibus
481 743 698 787 consentientes
720 741 829 784 fuero,
857 753 930 774 tunc
963 742 990 775 B
1017 753 1100 774 num
1128 741 1146 773 ὲ
1174 738 1312 774 Christo
1347 748 1430 773 nato
1459 739 1688 775 Millefimum
1718 740 1775 775 de·

165 794 381 841 promittimus
420 805 591 839 componere
627 794 670 826 (Ὺ
704 793 780 826 dare
815 803 929 838 penam

170 845 288 878 Libras
326 844 560 890 qut'nquagt'nta
599 844 744 877 bonorum
784 842 926 875 denario«

170 905 238 926 rum
266 893 446 933 Lucenlium
464 922 473 933 ,
502 895 544 927 (9‘
567 893 633 940 post
657 905 769 939 penam
791 892 927 935 solutam

169 944 222 977 bec
244 945 398 990 paginam
425 944 596 991 offertionis
622 957 683 977 mee
710 943 743 977 in
773 942 834 987 sua
861 955 924 976 ma-

167 1005 242 1027 nrat
265 994 419 1036 firmitate
434 1021 442 1029 .

223 1047 288 1078 Hoc
315 1045 418 1079 acJurn
445 1046 486 1084 eli
513 1045 545 1078 in
570 1048 666 1078 Prata
695 1042 838 1086 Vescovt'.
865 1044 919 1074 Te-

160 1092 226 1136 stes
261 1105 362 1128 autem
400 1095 478 1139 sunt
513 1096 641 1130 Comes
679 1093 846 1127 Alberrus
883 1090 923 1124 de

166 1145 352 1179 Sabluneta
371 1172 379 1188 ‚
417 1145 534 1179 Guido
562 1146 691 1179 Comes
719 1142 760 1177 de
793 1141 918 1177 Mutil-

167 1206 305 1241 gnano,
334 1195 526 1229 Rav'muldus
554 1198 590 1228 de
618 1194 759 1239 Bagise,
797 1196 862 1239 Ugo
887 1193 925 1225 de

166 1245 357 1288 Nolaltula,
395 1246 578 1280 Bernartius
606 1244 702 1288 filius
741 1244 853 1277 Imelde
887 1243 926 1275 de

165 1296 350 1339 Feraegnano
367 1323 376 1338 ,
415 1299 547 1329 Ubertus
572 1296 610 1329 de
636 1298 756 1340 stagno
773 1321 783 1336 ,
820 1293 923 1326 Gula'o

166 1345 205 1377 de
231 1345 308 1389 Pisa
324 1372 333 1387 ,
363 1346 509 1391 Ugicione
534 1347 571 1379 de
597 1345 760 1379 Monralto
777 1371 787 1387 ,
824 1347 921 1378 Bone-

167 1394 236 1429 flus
251 1399 307 1428 ,Aa
315 1407 442 1429 vocatus
461 1397 500 1429 de
515 1395 651 1437 Pistoria
663 1423 673 1438 ,
694 1395 796 1440 rogati
817 1394 902 1435 testes
916 1418 924 1426 .

215 1446 259 1489 ’Β
288 1448 359 1493 Ego
388 1449 498 1480 Petrus
521 1446 705 1493 Episcopus
712 1443 879 1490 subscripsi
887 1469 897 1478 .

215 1947 287 1993 Ego
310 1943 483 1980 ,Aldert'cus
498 1943 610 1987 Judex
633 1942 764 1987 interfui
789 1943 832 1978 Φ
848 1943 922 1989 sub.

334 1996 376 2030 crr'
394 1995 446 2035 [ἱ.

215 2049 290 2095 Ego
308 1996 454 2081 ἑοςῖενεο
482 2044 634 2078 Notarius
651 2044 837 2090 subſsrt‘pst',
859 2045 926 2092 post

321 2097 443 2131 tradita
469 2096 635 2141 comple-1:11*
662 2096 705 2127 (θ’
730 2096 835 2129 dedit.

218 2145 441 2183 Describenti
473 2145 561 2180 mihi
587 2146 674 2180 olim
702 2144 789 2180 hanc
818 2159 923 2180 mem-

166 2199 332 2241 branam,
370 2197 455 2232 adeo
483 2195 620 2242 antiqui
651 2194 712 2230 vifi
742 2195 819 2230 sunt
847 2196 923 2230 cha-

167 2249 315 2285 rasseres
342 2276 352 2291 ,
392 2247 477 2282 adeo
519 2246 748 2294 primigeniae
788 2246 924 2281 testium

169 2298 465 2346 subscriptiones,
502 2307 540 2332 ut
567 2310 763 2343 quanquam
802 2296 922 2332 subdu-

169 2348 306 2392 bitans,
330 2362 390 2396 pro
411 2347 599 2392 archetyoo
620 2348 831 2388 acceperim.
858 2350 922 2383 Ve-

165 2400 242 2434 rhm
278 2398 444 2447 perpensis
481 2398 604 2433 deinde
641 2399 736 2433 notis
765 2398 923 2433 Chrono-

165 2449 294 2498 logicis
313 2477 322 2492 ,
353 2449 656 2497 deprehensoque,
690 2461 758 2482 non
787 2449 907 2495 respon

166 2500 246 2535 dere
274 2502 381 2535 Anno
410 2502 582 2535 MXCIX.
612 2499 815 2533 IndiHionem
849 2502 910 2532 Sex

167 2560 255 2598 ram,
290 2550 459 2588 Chartam
495 2551 537 2586 ad
573 2550 770 2600 apographa
806 2561 923 2585 aman-

1017 789 1164 825 crescere
1192 789 1339 835 coepiffe
1373 788 1587 836 splendorem
1609 817 1618 833 ,
1656 791 1775 825 aufto-

1021 841 1231 886 ritatemque
1255 840 1433 882 Comitum,
1455 849 1558 886 atque
1583 841 1618 874 id
1644 841 1774 875 duabus

1020 891 1060 926 de
1088 892 1208 925 cauffis
1226 917 1234 925 .
1274 890 1390 924 Prima
1421 888 1514 932 fuit,
1543 890 1634 936 quod
1666 890 1776 925 insur-

1020 941 1181 989 gentibus
1210 939 1307 987 saepe
1336 952 1374 973 ac
1404 938 1536 984 saepius
1566 941 1609 975 ob
1638 940 1776 986 jurisdi.

1018 992 1172 1025 <itionem
1199 1003 1237 1024 ac
1265 989 1544 1024 dominationem
1574 1000 1775 1026 controver-

1019 1041 1072 1075 fiis
1088 1040 1180 1074 inter
1196 1038 1384 1086 Episcopos
1401 1039 1432 1072 8(
1455 1039 1656 1075 Civitamm
1677 1042 1774 1077 Piae.

1019 1090 1099 1125 fides
1118 1089 1185 1124 sive
1202 1089 1362 1125 Comites
1376 1117 1385 1131 ,
1403 1102 1474 1123 rem
1495 1090 1662 1125 tutiorem
1680 1105 1774 1126 com.

1019 1140 1283 1185 modioremque
1320 1139 1380 1174 fibi
1418 1140 1578 1175 arbitrati
1611 1140 1688 1176 sunt
1725 1141 1776 1177 sa.

952 1199 984 1234 C
1017 1191 1067 1226 cri
1097 1190 1268 1233 Pastores,
1296 1189 1408 1246 ipsum
1438 1203 1576 1238 quoque
1602 1200 1775 1239 tempora.

1016 1243 1048 1276 le
1078 1242 1291 1289 Populorum
1328 1241 1483 1288 regimen
1512 1243 1553 1276 ab
1582 1246 1774 1289 Imperato-

1016 1292 1110 1327 ribus
1151 1301 1209 1326 aut
1252 1291 1404 1339 Regibus
1443 1290 1503 1326 fibi
1541 1293 1771 1339 conquirere.

1022 1345 1143 1389 Neque
1181 1320 1324 1376 multisc>
1331 1341 1477 1376 difficile
1505 1341 1573 1376 fuit
1603 1353 1687 1377 voto
1716 1357 1776 1391 po.

1019 1392 1101 1427 tiri.
1141 1394 1221 1427 Non
1261 1405 1337 1427 raro
1364 1392 1584 1427 Germanicis
1623 1393 1775 1441 Regibus

1015 1456 1101 1490 opus
1121 1452 1193 1477 erat
1214 1442 1465 1490 Episcoporum
1487 1442 1712 1490 praesidium,
1735 1443 1773 1478 fi-

1020 1507 1060 1528 ve
1089 1503 1126 1527 ut
1158 1495 1265 1541 Reges
1294 1493 1418 1528 Italiae
1445 1494 1678 1541 eligerentur,
1706 1493 1775 1529 slve

1021 1552 1059 1579 ut
1086 1543 1189 1578 eleffli
1229 1545 1388 1591 Regnum
1416 1543 1624 1590 adquisitum
1654 1558 1775 1580 eorum

1018 1607 1082 1641 ope
1119 1593 1243 1628 deinde
1280 1603 1482 1628 tuerentur.
1520 1596 1778 1641 Opportunita-

956 1649 988 1681 D
1021 1654 1089 1679 tem
1115 1644 1199 1679 adeo
1220 1643 1401 1679 secundam
1428 1644 1693 1691 amplificandae
1715 1658 1775 1692 po.

1019 1694 1150 1730 tentiae
1179 1693 1254 1729 suae
1293 1707 1360 1728 non
1398 1693 1552 1728 linebant
1588 1693 1671 1729 sacri
1702 1697 1777 1730 An.

1020 1744 1142 1780 tistites
1172 1743 1230 1779 fibi
1260 1746 1278 1779 ὲ
1316 1744 1474 1778 manibus
1509 1744 1620 1779 elabi.
1658 1747 1775 1790 Quare

1022 1794 1200 1830 nonnullis
1218 1795 1303 1829 bene
1319 1794 1447 1828 accidit
1460 1794 1663 1840 ‚iidemque
1684 1793 1777 1830 erea-

1023 1846 1050 1880 ti
1079 1844 1170 1880 fuere
1199 1844 1360 1879 Comites
1389 1843 1521 1878 suarum
1549 1845 1774 1881 (Ii-vitatum:

1022 1909 1091 1940 quo
1130 1895 1293 1941 exemplo
1332 1894 1482 1941 permoti
1524 1895 1650 1942 reliqui
1691 1895 1777 1944 Epi.

1021 1945 1113 1992 scopi
1143 1944 1290 1991 (minus
1318 1944 1411 1979 enim
1445 1945 1555 1987 posse,
1594 1946 1777 1994 minuique

1021 1995 1196 2041 splendere
1218 2008 1285 2029 non
1308 1995 1540 2042 sustinebant)
1557 2009 1698 2030 omnem
1720 2009 1779 2032 cu.

1020 2059 1090 2080 ram
1118 2044 1423 2092 industriamque
1414 2058 1449 2080 in
1475 2045 1643 2094 ejusmodi
1674 2060 1778 2095 nego-

959 2097 986 2129 E
1021 2096 1082 2130 tiis
1118 2105 1379 2143 opportunam,
1416 2109 1485 2130 non
1523 2096 1694 2141 reliquere
1725 2098 1779 2131 in-

1021 2156 1214 2188 tentatam,
1243 2159 1313 2193 quo
1339 2147 1372 2181 8<
1411 2145 1470 2203 ipfi
1501 2146 1642 2194 proprio
1669 2147 1778 2196 Gregi

1022 2197 1057 2231 in
1095 2197 1348 2243 temporalibus
1386 2196 1492 2231 etiam
1535 2196 1777 2254 imperarent.

1023 2250 1074 2281 De
1102 2247 1167 2281 hoc
1195 2246 1297 2281 fufius
1325 2259 1424 2295 agam
1454 2245 1543 2281 infra
1571 2249 1607 2282 in
1638 2248 1777 2284 Differt.

1021 2300 1150 2333 LXXI.
1187 2299 1225 2331 de
1261 2298 1437 2343 Episcopor.
1468 2297 1635 2344 potentia.
1673 2300 1777 2334 Nunc

1021 2348 1055 2383 id
1089 2360 1194 2382 unum
1233 2346 1399 2390 subdam,
1436 2349 1626 2383 nonnullos
1661 2361 1703 2384 ex
1733 2351 1778 2384 E-

1021 2398 1170 2446 piscopis
1208 2411 1277 2432 non
1309 2397 1508 2432 Civitatem
1545 2397 1685 2438 solum,
1723 2399 1776 2435 sed

1019 2450 1053 2483 8<
1082 2447 1280 2483 universum
1308 2448 1380 2496 ejus
1407 2447 1631 2484 Comitatum
1660 2463 1779 2497 regen.

1019 2499 1059 2533 da
1088 2498 1147 2533 fibi
1183 2498 1399 2547 impetraffe.
1435 2498 1617 2545 Ejusmodi
1647 2499 1777 2535 donum

1020 2548 1297 2599 Archiepiscopo
1323 2548 1572 2586 Tarantafienfi
1597 2550 1776 2635 chonllzatum

1685 2612 1724 2635 o-
