2195 3032
257 223 338 265 741

569 202 1077 251 DISSERTATIO
1128 201 1441 246 OCTAVA.

1664 217 1747 254 742

252 341 487 383 Lantbertus
519 342 738 394 Imperator
769 338 1024 382 Corticellam
1057 337 1098 379 in
1133 336 1343 380 Comitatu
1372 334 1555 392 Regienfi
1588 334 1751 391 pofitam

404 400 523 440 donat
557 399 780 454 lngelberto
812 397 1053 441 Vicecomiti
1085 398 1305 457 Parmensi,
1344 399 1467 438 Anno
1500 397 1599 449 895.

251 519 282 550 N
307 515 427 550 nomine
461 515 577 550 SanHe
603 516 648 550 Θ
673 516 846 551 Individue
881 516 947 551 Tri·
984 519 1011 552 A
1045 514 1087 548 &¹
1121 511 1313 558 adjacentiis
1345 513 1413 557 sui5
1450 512 1483 547 in
1520 512 1697 558 integrum,
1734 510 1803 544 ubi-

271 566 402 601 nitatis.
442 569 634 601 Lantbertus
673 568 790 601 divina
822 567 953 611 favente

197 617 359 652 clementia
403 619 572 663 Imperator
605 618 792 664 ⁸Angustus.
826 619 865 652 Si
901 631 938 652 no

188 668 324 711 sitorum
351 667 501 711 fidelium
534 669 739 715 petitionibus
765 682 855 703 aures
886 669 950 716 pIe-

195 719 273 753 tatis
301 718 397 759 nostre
413 720 692 763 accommodamus,
720 733 880 766 eorumque
897 733 948 753 vo-

195 778 232 803 ta
257 769 397 802 ducimus
422 771 466 803 ad
497 770 688 816 perficium,
722 770 877 816 presentes
903 780 949 804 at-

195 830 254 866 que
291 819 416 862 futuros
451 822 568 861 nostrae
597 820 761 865 fidelitati
797 821 955 854 reddimus

190 870 395 916 promptiores
413 896 423 905 .
464 872 594 917 Ideoque
635 872 771 905 omnium
804 870 951 914 fidelium

194 919 330 954 Sanflae
377 920 440 954 Dei
484 921 638 961 Ecclesiae
679 933 744 956 tam
785 921 950 963 nostrorum

190 969 402 1016 preſsentium,
430 973 522 1017 quam
542 972 720 1015 futurorum
743 972 867 1006 noverit
889 972 948 1015 sol-

193 1020 309 1063 lertia,
338 1021 413 1067 quia
440 1022 579 1056 Domina
607 1024 649 1056 &⁶
675 1023 823 1057 Genitrix
850 1022 950 1063 nostra

192 1070 389 1116 Ageltruda
406 1072 622 1118 gloriosiſjima
645 1072 852 1119 Imperarrix
876 1075 946 1106 Au-

191 1120 284 1166 gusta
323 1122 443 1167 pariter
477 1136 543 1156 cum
581 1123 733 1156 Liutaldo
767 1121 949 1166 fideliffi'mo

192 1169 281 1214 Vaffo
308 1171 405 1212 nostro
432 1171 563 1213 nostram
590 1171 753 1212 Cesaream
777 1172 951 1219 flagitavit

190 1221 404 1265 clementiam,
432 1223 583 1268 quatinus
605 1233 663 1268 pro
687 1223 801 1257 divino
828 1223 948 1257 intuitu

190 1272 365 1318 nostraeque
401 1274 533 1307 mercede
565 1274 715 1317 animae,
744 1274 788 1307 (9¹
819 1273 944 1316 stabili-

188 1332 290 1355 mento
320 1323 446 1369 Imperii
471 1323 589 1367 nostri,
626 1326 751 1359 cuidam
768 1323 868 1368 fideli
895 1325 968 1358 nos

179 1371 245 1414 stro
273 1371 361 1416 VafflJ
389 1373 510 1417 scilicet
539 1374 685 1409 Radaldi
724 1374 946 1411 Illustriffimi

188 1423 346 1458 Comitis
373 1434 466 1470 atque
486 1424 603 1468 summi
622 1425 809 1465 Consiliarii
830 1426 946 1470 nostri,

187 1473 389 1520 Ingelberto
420 1476 562 1519 nomine,
593 1475 716 1520 scilicet
745 1476 943 1511 Vicecomi·

185 1523 216 1558 ti
247 1523 443 1568 Parmenfi,
480 1530 639 1572 quandam
666 1527 866 1562 Corticellam
889 1527 944 1573 ju-

184 1574 231 1609 ris
266 1576 395 1621 Imperii
430 1576 526 1618 nostri
559 1576 708 1611 haetenus
740 1588 947 1624 pertinentem

184 1626 224 1660 de
258 1626 420 1660 Comitatu
456 1627 627 1673 Regiensi,
657 1626 758 1668 fitam
791 1629 826 1662 in
861 1629 945 1672 loco,

184 1676 241 1723 qui
265 1676 383 1710 dicitur
409 1677 500 1724 Ripa
525 1680 614 1712 A'ta
630 1705 640 1719 ‚
668 1691 735 1712 cum
760 1680 861 1713 decem
876 1679 941 1724 sor-

183 1727 291 1766 tibus,
329 1727 435 1770 fervis
470 1741 586 1774 quoque
622 1728 666 1762 (9‘
699 1730 854 1773 ancillis,
888 1729 944 1773 seu

184 1777 290 1811 ceteris
315 1776 451 1817 diversis
474 1776 702 1824 poffeffionibus
727 1790 794 1813 tam
820 1780 940 1814 mobili-

184 1829 262 1867 bus,
290 1830 383 1874 quam
411 1828 621 1863 immobilibus
639 1830 684 1863 ad
709 1831 846 1864 eamdem
867 1833 939 1864 Cor·

183 1878 322 1912 ticellam
355 1877 436 1922 juste
463 1879 506 1912 (9¹
535 1879 680 1926 legaliter
713 1881 942 1926 pertinentibus

175 1929 232 1974 seu
258 1929 480 1975 aspicientibus
506 1929 539 1962 in
578 1930 733 1976 integrum
768 1929 838 1972 jure
872 1942 938 1976 pro-

178 1980 330 2026 prietario
354 1990 409 2026 per
434 1980 488 2013 boc
514 1979 631 2022 nostrae
657 1981 845 2015 serenitatis
864 1985 937 2016 Pre-

182 2041 300 2075 ceptum
327 2031 482 2065 concedere
508 2031 729 2077 dignaremur.
767 2034 833 2065 Nos
869 2045 937 2078 quo-

182 2094 240 2127 que
265 2083 302 2115 ob
327 2094 459 2115 amorem
485 2081 714 2126 Omnipotentis
740 2082 804 2116 Dei
823 2083 867 2115 (Ὺ
893 2082 936 2116 in·

180 2132 381 2176 terceffionem
417 2142 527 2166 tantae
561 2131 733 2166 Genitricis
759 2146 794 2166 ac
830 2133 934 2166 Domi-

179 2195 239 2216 nae
266 2183 388 2224 nostre,
425 2181 550 2228 eiusque
586 2182 766 2216 continuum
797 2183 937 2226 famula-

178 2242 267 2275 tum,
294 2233 346 2266 boc
374 2232 492 2273 nostrae
514 2233 650 2279 pietatis
676 2236 858 2279 Preceptum
874 2233 937 2276 fie-

178 2281 209 2314 ri
235 2282 373 2327 iuffimus
390 2311 400 2327 ,
435 2294 490 2330 per
517 2287 597 2328 quod
632 2283 731 2318 eidem
770 2284 940 2330 Ingelberto

1043 577 1167 610 cumque
1201 564 1278 609 sunt
1312 563 1429 612 positae
1470 574 1535 597 tam
1571 563 1604 596 in
1641 562 1802 596 Comitum

1042 613 1192 661 Regiensi
1210 627 1362 662 quamque
1379 613 1562 656 Parmensi,
1590 612 1721 658 aliisque
1745 625 1802 653 ’μσ-

1043 666 1185 708 cabalis,
1213 665 1334 709 scilicet
1369 678 1434 699 cum
1466 664 1537 709 jam
1572 663 1668 697 diflis
1702 663 1802 696 decem

1038 716 1198 759 sortibus,
1235 715 1338 757 casis,
1374 714 1532 759 edificiis,
1569 713 1800 757 mansionibus,

1041 766 1152 810 terris,
1184 766 1278 799 cultis
1315 767 1358 800 &¹
1394 766 1545 808 incultis,
1581 764 1717 810 eampis,
1747 764 1801 797 vi-

1041 817 1127 857 neis,
1152 817 1278 863 pratis,
1312 816 1456 863 pascuis,
1486 814 1798 858 silvis,flalariis,

1039 867 1215 912 virgariis,
1245 866 1344 914 ripis,
1374 866 1520 913 rupinis,
1549 866 1711 900 arboribus
1743 875 1800 911 po-

1040 918 1158 960 miferis
1186 918 1230 950 (J
1256 917 1478 964 impomiferis,
1506 916 1597 963 aquis
1631 928 1800 962 aquarum-

1041 981 1097 1014 que
1131 967 1328 1009 decursibus,
1351 967 1408 1011 seu
1446 966 1633 999 molendinis
1668 976 1733 999 tam
1765 966 1799 999 in

1039 1018 1215 1060 inentibus,
1243 1019 1336 1063 quam
1373 1017 1408 1050 in
1439 1015 1656 1062 planiciebus,
1694 1015 1800 1049 omnia

1039 1069 1082 1101 (3·
1117 1081 1154 1101 ex
1189 1067 1330 1101 omnibus
1366 1067 1399 1101 in
1438 1067 1615 1113 integrum,
1643 1066 1686 1100 &⁶
1715 1066 1798 1112 quic.

1038 1118 1115 1164 quid
1140 1118 1205 1152 diei
1230 1119 1284 1152 vel
1312 1117 1469 1152 nominari
1492 1118 1611 1164 potest,
1637 1118 1681 1151 ad
1716 1130 1799 1151 eain-

1037 1172 1105 1202 dem
1132 1169 1334 1203 Corticellam
1360 1168 1506 1215 legaliter
1529 1168 1684 1213 pertinere
1707 1167 1798 1201 debc-

1036 1232 1068 1253 re
1093 1226 1132 1253 de
1159 1219 1255 1261 nostro
1288 1218 1358 1263 jure
1394 1221 1437 1252 ἴθ’
1467 1218 1617 1265 potestate
1646 1217 1799 1261 funditus

1038 1270 1227 1304 concedimus
1255 1270 1298 1303 (J
1322 1270 1550 1315 perdonamus,
1578 1279 1614 1302 ut
1641 1268 1722 1301 idem
1743 1270 1796 1302 In.

1032 1321 1191 1367 gelbertus
1218 1320 1332 1365 fidelis
1358 1319 1477 1363 noster,
1513 1318 1637 1365 ejusque
1673 1320 1798 1352 heredes

1036 1385 1071 1405 ac
1102 1371 1283 1417 proheredes
1318 1372 1358 1405 ab
1393 1370 1450 1404 hac
1482 1370 1533 1403 die
1571 1369 1603 1403 in
1637 1379 1796 1403 aeternum

1033 1421 1105 1466 jure
1128 1421 1336 1468 proprietario
1358 1420 1539 1467 potestatem
1566 1421 1703 1453 habeant
1721 1433 1796 1454 ean.

1034 1475 1105 1506 dem
1138 1472 1338 1506 Corticellam
1368 1470 1451 1511 sicut
1479 1470 1624 1517 superius
1656 1469 1797 1516 legitur,

1033 1534 1089 1569 per
1114 1523 1167 1557 hoc
1193 1523 1326 1564 nostrum
1354 1522 1518 1569 Imperiale
1545 1524 1725 1567 Preceptum
1750 1531 1795 1554 te-

1035 1573 1151 1617 nendi,
1184 1573 1378 1620 poffidendi,
1414 1571 1578 1613 donandi,
1612 1571 1797 1615 vendendi,

1034 1624 1268 1668 commutandi,
1299 1624 1355 1668 seu
1377 1634 1434 1670 pro
1460 1623 1627 1657 animabus
1648 1621 1718 1666 suis
1743 1622 1797 1655 di-

1031 1674 1226 1720 judicandi,
1267 1675 1321 1708 vel
1360 1673 1508 1720 quicquid
1545 1672 1707 1706 voluerint
1742 1672 1796 1716 fa.

1034 1726 1158 1767 ciendi,
1187 1736 1303 1759 remota
1328 1725 1425 1758 totius
1447 1723 1594 1770 perfimae
1621 1723 1665 1757 (9·
1688 1722 1796 1769 publi-

1036 1790 1086 1810 cae
1118 1775 1280 1822 potestatis
1321 1774 1561 1821 inquietudine.
1600 1773 1796 1819 ‚Quicumque

1039 1826 1138 1872 igitur
1174 1836 1336 1860 temerator
1371 1825 1423 1858 hoc
1459 1824 1578 1866 nostrae
1616 1823 1798 1857 donationis

1031 1877 1088 1922 seu
1115 1876 1295 1911 traditiont’s
1330 1875 1495 1922 Imperiale
1523 1877 1704 1920 Preceptum
1734 1873 1797 1908 ali.

1038 1930 1163 1974 quando
1191 1926 1361 1973 infringere
1396 1925 1626 1970 temptaverit,
1657 1924 1741 1969 sciat
1762 1923 1796 1967 se

1037 1976 1267 2024 compositurum
1294 1978 1367 2011 auri
1401 1976 1504 2021 obrizi
1531 1975 1645 2010 Libras
1681 1975 1796 2021 trigin-

1036 2039 1095 2071 ta,
1131 2028 1327 2062 medietatem
1354 2027 1482 2061 Palatio
1510 2025 1629 2069 nostro,
1667 2026 1709 2058 (9⁴
1736 2039 1797 2058 me·

1037 2080 1186 2113 dietatem
1206 2077 1301 2125 saepe
1325 2077 1408 2111 diHo
1435 2077 1608 2124 Ingelherto
1637 2075 1797 2110 Vicecorni-

1037 2130 1089 2173 ti,
1126 2128 1249 2176 ejusque
1285 2129 1448 2162 heredibus
1482 2141 1517 2162 ac
1551 2127 1796 2174 proheredibus,

1037 2191 1094 2215 aut
1129 2180 1178 2214 cui
1215 2181 1332 2222 easdem
1369 2191 1416 2212 res
1452 2177 1672 2212 ordinaverint
1705 2177 1794 2224 poffi.

1036 2231 1183 2269 dendus.
1218 2232 1266 2264 Et
1292 2240 1327 2263 ut
1353 2231 1394 2264 ab
1419 2229 1562 2264 omnibus
1599 2228 1708 2262 verius
1735 2242 1793 2263 cre·

1034 2283 1152 2324 datur,
1190 2280 1438 2327 diligentiusque
1470 2291 1526 2326 per
1552 2278 1656 2313 omnia
1683 2289 1795 2326 tempo-

171 2330 271 2375 fideli
297 2332 419 2377 nostro,
457 2334 576 2380 [uisque
611 2335 774 2368 heredibus
800 2348 836 2368 ac
869 2345 934 2380 pro.
972 2329 1016 2362 E=
1035 2346 1069 2366 ra
1097 2332 1280 2376 obsevetur,
1316 2344 1410 2365 manu
1445 2330 1574 2377 propria
1594 2329 1702 2374 subter
1728 2343 1795 2363 con·

178 2382 342 2417 heredibus
370 2383 402 2416 in
429 2396 586 2418 aeternum
620 2383 796 2431 predifiam
834 2385 934 2419 Corti-

176 2433 287 2467 eellam
321 2433 451 2477 positam
479 2435 511 2469 in
544 2434 610 2477 jam
646 2435 714 2478 sato
741 2436 803 2469 loco
828 2447 937 2470 vocato

175 2482 266 2530 Ripa
300 2485 411 2530 Alta,
451 2498 518 2520 cum
553 2486 693 2521 omnibus
733 2486 936 2534 pertinentiis

1012 2364 1259 2428 'firma-vimus,
1298 2382 1342 2416 (Υ
1370 2382 1412 2416 de
1444 2382 1540 2418 anulo
1575 2379 1674 2424 nostro
1703 2379 1797 2428 juffi·

1029 2447 1096 2469 mus
1124 2432 1301 2482 insigniri.

1099 2535 1135 2570 A
1164 2548 1183 2570 a
1210 2548 1229 2570 a
1283 2546 1305 2570 2
1605 2534 1742 2581 Signum
