2195 3032
389 220 472 263 743

702 204 1092 290 ANTQIQ‘UIT.
1139 202 1365 247 MEDII
1409 205 1578 248 AEVI

1800 221 1887 263 744

331 367 357 400 S
360 365 466 413 ignum
483 365 602 400 Domni
658 375 699 557 ·{
791 293 1135 552 Q
1180 365 1347 400 Lantberti
1361 365 1550 411 Sereniffimi
1564 365 1763 414 Imperator-‘Is
1779 365 1940 414 utsugustt'.

389 618 583 654 Heimericus
610 618 765 654 Notarius
791 618 835 653 ad
859 617 960 652 vicem
987 616 1144 652 Helbunct‘
1169 618 1453 654 Arcbicancellarii
1480 620 1664 667 recognovi.

1254 723 1354 755 Locus
1379 720 1493 767 sigilli
1519 721 1594 755 cerei
1619 722 1800 768 deperditi.

390 823 483 857 Data
507 824 609 857 Anno
644 821 876 857 Imm-nationis
911 820 1043 857 Domini
1071 823 1290 856 DCCCXCV.
1323 821 1442 856 Domni
1469 833 1586 869 quoque
1613 822 1782 857 Lantberti
1814 821 1945 870 pitffimi

478 873 678 920 Imperatoris
706 875 742 908 V.
770 872 889 908 offla-00
915 874 993 908 Idus
1019 873 1218 917 Decembris,
1246 871 1422 907 Indifflone
1448 874 1541 908 XIII.

390 973 515 1010 {Aflum
541 974 665 1021 Regiae
691 973 872 1018 Civitatis,
900 974 933 1009 in
961 973 1023 1008 Dei
1050 973 1172 1007 nomine
1193 972 1347 1018 feliciter.
1375 976 1502 1009 Amen.

393 1075 545 1110 Radaldi
571 1088 721 1118 nomen,
747 1074 808 1122 qui
836 1074 874 1110 in
902 1075 966 1110 hac
991 1076 1100 1120 Impe-

344 1124 425 1160 riali
462 1125 652 1173 largitione
679 1124 904 1167 inscribitur,
933 1125 1098 1169 Illufffriffi-

343 1189 412 1209 mus
447 1179 554 1210 Comes
589 1187 682 1222 atque
711 1175 852 1220 summus
888 1175 1104 1209 Cancellarius

344 1226 462 1270 noster,
491 1226 563 1261 alio
590 1225 628 1261 in
656 1227 736 1260 loco
763 1225 889 1272 Operis
926 1225 1027 1272 hujus
1055 1238 1103 1259 re-

1190 1075 1206 1108 ὲ
1234 1073 1329 1109 vivis
1355 1073 1519 1109 Guidone
1547 1073 1704 1122 Augusto
1733 1083 1828 1123 patre
1865 1074 1948 1118 suo,

1190 1124 1417 1160 immutatum
1445 1124 1610 1160 nonnihil
1645 1126 1743 1160 fuiffe
1772 1127 1813 1160 ab
1843 1138 1883 1160 eo
1912 1125 1950 1160 in

1192 1173 1349 1222 usurpati
1375 1175 1461 1209 illuc
1489 1174 1593 1222 usque
1620 1175 1854 1210 subscribendi
1882 1174 1951 1210 for-

1192 1224 1266 1260 mi.
1290 1225 1468 1259 Praeterea
1495 1225 1714 1272 apographo,
1735 1238 1806 1260 non
1833 1235 1950 1260 autem

345 1285 482 1317 curret,
511 1276 570 1311 ubi
598 1276 708 1311 titulo
736 1276 935 1310 Marchionis
964 1267 1122 1323 insigni-l
1175 1275 1383 1320 larchetypo
1419 1273 1492 1309 sum
1536 1274 1612 1309 usus
1649 1275 1685 1310 in
1728 1275 1951 1310 describendo

343 1336 420 1361 tum
442 1326 755 1375 deprehendemus.
771 1328 830 1362 Tu
851 1325 994 1362 interim
1009 1354 1018 1370 ‚
1034 1323 1122 1373 per-¹

344 1376 438 1412 icero
465 1377 532 1412 hoc
570 1377 798 1425 Diplomate‚
826 1386 942 1412 tecum
974 1354 1122 1423 recogi-l

343 1437 402 1472 ta,
431 1427 510 1475 quis
538 1430 722 1476 Supremus
753 1427 916 1475 Princeps
945 1437 1028 1462 tunc
1057 1426 1103 1462 fo-

345 1487 398 1513 ret
427 1478 602 1527 Regienfis
630 1492 668 1514 ac
698 1477 887 1514 Parmenfis
916 1477 1045 1519 Urbis,
1073 1478 1105 1512 ὃ(

1176 1317 1299 1374 {priori
1331 1325 1560 1374 Diplomate3
1593 1338 1704 1373 neque
1735 1325 1863 1360 mirum
1901 1325 1953 1360 fo-

1175 1376 1265 1419 fret,
1293 1374 1316 1410 fi
1345 1376 1527 1411 Librarius
1565 1375 1779 1425 caespitaffet
1806 1375 1843 1411 in
1871 1377 1954 1410 Mo-

1193 1436 1434 1474 nogrammate
1471 1426 1646 1474 pingendo
1664 1453 1672 1461 .
1712 1426 1838 1462 Rursus
1876 1425 1955 1461 heic

1193 1477 1450 1512 animadvertas
1473 1477 1677 1511 Indic'lionem
1699 1479 1790 1512 XIII.
1809 1477 1956 1524 conjun-

345 1542 389 1564 an
417 1529 588 1577 ejusmodi
618 1529 728 1564 Urbes
756 1528 848 1564 intra
886 1528 971 1564 fines
999 1530 1105 1563 Exar-
1136 1528 1163 1561 B
1191 1527 1282 1562 &am
1305 1540 1383 1562 cum
1404 1528 1456 1561 die
1478 1530 1566 1562 VIII.
1588 1529 1664 1562 Idus
1684 1528 1863 1563 Decembris
1879 1531 1957 1562 .Ᾱη.

345 1579 466 1615 chatus
496 1579 711 1616 Ravennatis
738 1588 822 1615 tunc
860 1578 1104 1615 concluderen-

345 1639 422 1666 tur.
448 1630 553 1676 Quod
580 1639 696 1666 autem
717 1630 865 1666 minime
891 1639 1105 1678 praetereun-

345 1680 450 1725 dum,
479 1681 570 1716 mihi
607 1677 816 1716 describenti
854 1681 955 1728 plane
991 1679 1104 1715 visum

347 1731 392 1767 est
421 1730 665 1767 authenticum
702 1730 770 1766 five
798 1730 970 1779 originale
1006 1729 1107 1778 huju-

347 1781 460 1817 smodi
488 1781 677 1828 Diploma.
705 1783 751 1816 Et
779 1781 1013 1816 nihilominus
1041 1780 1105 1815 dis·

348 1832 506 1867 fimulare
533 1831 571 1867 in
601 1831 793 1881 praesentia
824 1832 930 1876 nolo,
959 1831 1106 1867 suboriri

349 1882 426 1918 heic
454 1882 546 1931 pofl‘e
573 1896 644 1917 non
671 1883 786 1918 levem
815 1882 852 1918 in
885 1896 920 1918 re
947 1881 1104 1917 Chrono-

350 1933 464 1981 logica
489 1946 527 1968 ac
548 1932 791 1981 Diplomatica
817 1931 1107 1968 controverslam.

350 1987 455 2031 Supra
481 1983 518 2019 in
540 1984 718 2019 Differtat.
744 1985 809 2019 VI.
831 1983 872 2019 de
897 1984 1108 2018 Marchionib.
1138 1982 1168 2016 C

350 2033 556 2083 produc‘sturn
586 2035 604 2068 ὲ
630 2047 686 2069 me
712 2033 781 2069 fuit
809 2035 958 2070 alterum
986 2033 1106 2082 Diplo-

352 2098 408 2120 ma
432 2086 542 2120 Anno
569 2086 821 2121 DCCCXCII.
847 2085 865 2119 a
887 2084 1050 2119 Guidone
1077 2085 1109 2119 δε

352 2136 544 2171 Lamberto
559 2135 724 2184 Augustis
742 2135 861 2171 datum
873 2162 882 2170 .
898 2134 1013 2183 Atqui
1029 2137 1110 2170 Mo·
1127 2135 1131 2155 ί

352 2199 556 2235 nogramma
583 2185 767 2222 Lamberti
794 2185 873 2221 illic
898 2198 969 2220 non
996 2184 1108 2221 omni-

354 2249 399 2271 no
421 2236 589 2272 convenit
612 2249 691 2272 cum
717 2238 1027 2284 Monogrammate
1049 2236 1111 2271 Di-

355 2287 542 2334 plomatis,
563 2286 655 2335 quod
676 2300 768 2322 nunc
788 2287 974 2335 evulgavi.
998 2285 1114 2321 Est-ne

357 2338 419 2372 hac
447 2337 488 2372 de
524 2337 634 2373 caussa
661 2338 868 2373 alterutrum
906 2336 978 2372 falfi
1009 2336 1115 2372 arces-

356 2386 526 2423 sendum?
563 2387 719 2424 Minime
755 2387 941 2436 gentium,
969 2386 991 2422 fi
1030 2387 1115 2434 quid

1194 1579 1228 1612 ni
1249 1581 1468 1613 DCCCXCV.
1494 1580 1623 1614 Rarum
1647 1578 1683 1614 id
1706 1578 1810 1613 alicui
1841 1578 1959 1613 videa-

1195 1638 1274 1672 tur,
1300 1642 1406 1676 quum
1436 1630 1453 1663 ὲ
1479 1629 1647 1664 Kalendis
1673 1628 1958 1676 Septembribus,

1196 1689 1256 1714 aut
1284 1678 1410 1722 serius,
1438 1679 1558 1714 eodem
1588 1689 1703 1714 tamen
1733 1678 1869 1721 mense,
1896 1692 1960 1713 no.

1198 1743 1239 1764 va
1266 1729 1422 1764 Indiffio
1443 1730 1599 1765 adhiberi
1627 1729 1882 1772 consuesceret,
1905 1729 1960 1765 uti

1197 1794 1238 1815 ex
1267 1780 1460 1816 innumeris
1498 1781 1668 1825 exemplis
1707 1779 1859 1827 constat3
1891 1781 1961 1814 De-

1198 1830 1328 1865 cembri
1357 1842 1471 1866 autem
1498 1831 1596 1866 Anni
1625 1833 1874 1866 DCCCXCV.
1903 1831 1960 1864 In-

1198 1881 1308 1916 dicff‘tio
1338 1883 1434 1915 XIV.
1463 1881 1498 1916 in
1528 1880 1587 1916 usu
1626 1881 1738 1916 futura
1768 1891 1862 1917 erat.
1890 1883 1960 1915 Ve-

1198 1944 1275 1967 rum
1303 1932 1482 1979 complura
1511 1932 1618 1966 etiam
1648 1933 1808 1980 exempla
1842 1931 1962 1978 suppe-

1200 1991 1280 2017 tunt
1306 1982 1531 2018 continuatae
1557 1982 1768 2018 IndiSiionis
1789 1984 1806 2017 a
1832 1982 1962 2017 Kalen-

1200 2033 1252 2068 dis
1289 2033 1443 2076 Januarii
1481 2032 1586 2080 usque
1623 2033 1663 2068 ad
1701 2033 1805 2069 finem
1835 2031 1961 2077 Anni,

1200 2084 1250 2118 ita
1278 2093 1316 2118 ut
1344 2083 1435 2118 nihil
1463 2097 1549 2131 opus
1568 2080 1616 2118 'sit
1645 2083 1722 2119 heic
1751 2084 1852 2119 verba
1882 2096 1962 2131 pro-

1202 2133 1361 2169 fundere.
1391 2133 1548 2181 Denique
1574 2147 1616 2169 ex
1639 2134 1844 2182 Diplomate
1869 2146 1960 2168 nunc

1202 2184 1298 2219 edito
1326 2184 1465 2219 videtur
1492 2182 1701 2220 Lambertus
1727 2185 1768 2219 ad
1797 2184 1963 2232 Imperia-

1204 2236 1235 2269 le
1257 2234 1381 2269 solium
1399 2237 1505 2269 Anno
1524 2237 1754 2271 DCCCXCI.
1772 2244 1851 2269 ante
1867 2235 1961 2270 diem

1205 2287 1267 2320 VI.
1291 2285 1493 2320 Decembris
1521 2285 1723 2329 ascendisse,
1745 2297 1851 2333 quum
1881 2298 1964 2319 con-

1206 2345 1258 2370 tra
1279 2335 1404 2383 Pagius
1426 2335 1482 2371 vir
1505 2335 1622 2384 magni
1643 2335 1797 2370 nominis
1825 2335 1861 2370 in
1884 2334 1967 2371 Cri-

1205 2386 1275 2420 tica
1302 2385 1497 2421 Baroniana
1523 2385 1735 2429 contendat,
1756 2388 1865 2420 Anno
1889 2394 1966 2420 tan-

358 2450 434 2473 mea
471 2438 566 2473 valet
601 2437 796 2486 sententia3
829 2438 884 2474 sed
922 2438 1114 2486 putandum
1145 2433 1282 2471 D'thm
1323 2436 1479 2483 sequenti
1520 2438 1769 2472 DCCCXCII.
1806 2435 1968 2472 eumdem

358 2486 476 2536 potius
501 2495 560 2523 aut
585 2488 726 2536 gemino
748 2490 1057 2537 Monogrammate
1079 2502 1112 2523 u·
1131 2517 1135 2544 ι

360 2538 433 2574 sum
469 2537 567 2575 fuisse
604 2539 856 2583 Lambertum,
885 2547 944 2575 aut
981 2539 1135 2575 sublato*

1206 2487 1444 2522 renuntiatum
1482 2486 1580 2522 fuisse
1617 2487 1837 2536 Augustum.
1875 2486 1976 2521 Heic-

1208 2537 1284 2574 sane
1312 2551 1454 2582 vereor,
1482 2550 1525 2574 ne
1552 2537 1680 2586 aliquis
1716 2551 1812 2574 error
1839 2535 1970 2581 subfit,

1791 2589 1826 2623 δε
1853 2599 1917 2636 pro
