2195 3032
493 238 569 278 193
791 216 1185 274 ANTIQUIT.
1238 218 1460 263 MEDII
1508 219 1685 263 AEVI
1899 231 1980 277 196

424 289 461 316 ta
489 279 700 330 Liurprandi
731 279 929 325 Principis:
966 277 1183 318 Adstantibus
1213 279 1423 316 A1111ustris
1451 294 1589 328 quoque
1614 280 1683 316 fuit
1706 280 1903 316 Euticularii
1921 282 2036 331 digni.

425 345 499 377 erga
526 346 579 366 nos
605 331 812 376 Engilberto‚
839 330 1049 374 &johanne
1075 329 1180 363 Male.
1281 341 1331 365 tas
1367 332 1405 366 in
1443 334 1655 366 Francorum
1694 333 1829 378 Regum
1872 333 2033 367 Palatio.

422 393 499 429 paro
517 382 690 427 judicibus
714 380 842 422 nostris.
863 380 1067 428 Legendurn
1089 382 1181 413 Mar.
1282 384 1332 417 [ta
1361 385 1443 417 vero
1472 383 1664 429 appellatus
1691 382 1840 428 Princeps
1865 383 2037 416 Pincerna-

422 433 540 480 pabis.
570 435 621 466 Ita
651 432 687 466 in
715 430 852 466 Siconis
874 431 1050 479 Principis
1069 430 1178 467 Char·
1279 445 1368 468 rum.
1414 434 1593 468 Praeterea
1622 432 1734 480 Regio
1762 432 1906 467 Stabulo
1936 434 2036 467 Prae-

426 494 481 516 ta:
503 482 689 525 sudisiaria
703 482 776 516 dari
795 482 959 528 Maripali
980 481 1095 524 nostro.
1118 484 1182 518 Le·
1280 482 1387 517 secius
1428 491 1530 526 erat,
1571 496 1674 530 quem
1715 484 1867 517 Comitem
1905 483 2034 517 stabuli

425 532 575 580 gendum
605 532 744 567 videtur
771 532 855 567 Dati
882 533 1040 579 Affarpahi
1066 533 1182 575 nostri.
1281 532 1503 568 vetustissima
1519 542 1746 568 monumenta
1762 534 2032 581 appellant.An

428 583 520 618 Vide
546 585 580 618 δ(
605 582 811 618 Chronicon
833 582 1067 618 Vulturnense
1095 585 1186 619 Part.
1280 596 1320 618 eo
1348 583 1492 617 nomine
1519 582 1713 618 censeretur
1738 583 1798 619 sub
1830 583 2032 632 Langobar·

427 635 474 668 11.
510 633 620 668 Tomi
660 635 687 669 Ι.
717 636 796 669 Rer.
834 633 949 668 Italic.
988 646 1062 681 pag.
1101 645 1184 681 391.
1281 633 1333 668 dis
1363 633 1541 682 Regibus,
1577 633 1638 681 qui
1666 633 1729 669 hac
1756 634 1929 682 dignitate
1957 632 2032 668 fun·

426 684 461 717 &
490 696 574 730 392.
601 683 662 720 ubi
690 688 855 731 GrIpertus
881 684 1068 730 Marepais‚
1088 684 1186 728 filius
1281 685 1450 732 gebatur,
1489 685 1663 720 incertum
1699 684 1768 720 est.
1806 684 1899 719 Illud
1934 693 2032 718 extra

428 735 525 768 bonae
550 734 712 769 memoriae
740 735 918 781 Walperti,
954 734 1009 781 qui
1030 735 1098 778 fuit
1124 738 1183 769 Ca·
1222 727 1250 760 B
1282 730 1551 770 controversiam
1577 734 1643 780 est,
1678 733 1739 770 sub
1767 733 1908 769 Francis
1935 732 1973 768 in
2001 734 2033 768 I-

420 784 587 826 staldeus.
616 787 663 819 Et
688 786 801 819 Panda
827 785 995 831 ,Marepais
1013 784 1111 828 filius
1136 787 1185 819 bo·
1281 784 1367 820 talia
1391 784 1657 821 dominantibus
1673 813 1683 830 ‚
1710 787 1744 820 8<
1772 784 1831 820 sub
1861 782 2034 831 Principi-

429 849 488 870 nae
514 837 674 870 memoriae
701 834 858 879 Landulfi
878 835 1063 881 Marepais.
1091 837 1184 880 Qua·
1281 835 1341 870 bus
1383 836 1639 871 Beneventanis
1665 850 1708 871 ex
1735 849 1857 885 genere
1893 836 2033 882 Lango-

430 899 466 921 re
493 887 689 935 complures
710 886 883 933 Mar-pubis
901 885 939 920 in
961 885 1094 933 Apulia
1115 885 1184 921 fue·
1281 885 1466 922 bardorum
1483 915 1493 931 ‚
1521 900 1645 922 munus
1673 886 1739 921 hoc
1766 888 1800 921 &
1828 898 1955 920 nomen
1982 897 2033 919 re-

429 949 487 979 re,
515 938 548 971 8<
575 937 720 984 quidem
748 946 845 972 extra
875 935 1052 971 Palatium
1079 937 1184 972 Bene·
1282 936 1406 984 periri.
1435 939 1475 971 In
1502 936 1601 981 supra
1629 936 1778 972 laudatis
1802 935 2033 971 Additamen-

428 996 644 1032 ventanum,
665 987 745 1037 pagi
772 985 920 1023 fortaffis
948 986 1095 1034 alicujus
1121 989 1185 1022 Re·
1281 987 1325 1021 tis
1353 986 1393 1021 ad
1422 986 1590 1022 Chronic.
1617 985 1817 1022 Casaurien.
1846 999 1920 1034 pag.
1947 986 2033 1031 928.

432 1038 570 1073 Eiones.
1281 1036 1485 1072 Ludovicus
1517 1038 1562 1071 ΙΙ.
1591 1038 1786 1084 Imperator
1821 1036 1858 1070 in
1897 1034 2034 1069 Placito

483 1090 655 1125 Pincernas
690 1090 724 1125 ὃς
754 1088 941 1132 Vestiarios‚
978 1088 1046 1123 five
1086 1087 1188 1130 Vella-
1279 1087 1378 1122 Anni
1400 1086 1586 1122 memorati
1609 1088 1821 1121 DCCCLX.
1844 1085 1962 1120 laudat
1982 1084 2034 1118 in-

433 1139 531 1174 rarios
557 1140 595 1176 in
623 1141 718 1176 Aula
745 1138 926 1175 Ticinenfi
965 1147 1135 1174 memorat
1163 1138 1190 1174 i·
1280 1147 1331 1173 ter
1359 1138 1559 1185 Optimates
1587 1136 1662 1172 suos
1689 1137 1900 1171 „AElelbertmn
1932 1134 2035 1168 Comi-

432 1190 511 1225 dem
541 1192 681 1226 Paullus
711 1190 791 1227 Lib.
829 1193 874 1224 V.
913 1191 1000 1238 Cap.
1039 1191 1084 1225 ΙΙ.
1122 1191 1191 1224 Eos
1219 1193 1253 1227 C
1280 1199 1339 1222 tem
1365 1188 1513 1222 stabuli.
1543 1187 1637 1222 Idem
1666 1200 1805 1234 quoque
1825 1190 2035 1231 Anonymus

432 1253 524 1276 nunc
551 1243 766 1289 appellamus
794 1240 962 1287 Coppieri.
993 1243 1046 1276 ast
1075 1239 1189 1281 Vestia.
1281 1238 1517 1274 Salernitanus
1555 1237 1811 1285 Paralipomen.
1851 1238 1938 1284 Cap.
1978 1247 2036 1281 29.

431 1292 475 1324 vii
502 1291 646 1326 nomine
683 1301 721 1327 ut
757 1300 797 1326 ut
823 1290 1016 1338 designatos
1052 1289 1191 1337 opinari
1282 1289 1529 1324 Grimoaldum
1555 1287 1732 1333 Storeseyz
1755 1286 1953 1334 Principem
1974 1287 2037 1321 Be-

432 1340 561 1384 liceat,
599 1354 686 1388 quos
713 1353 806 1375 nunc
834 1340 985 1375 dicimus
1011 1342 1190 1374 Guardaro-
1283 1338 1427 1373 neventi
1473 1338 1596 1373 dixisse
1637 1338 1745 1372 tradit
1789 1339 2037 1371 Beneventano

432 1392 538 1436 hieri,
566 1392 668 1426 verba
698 1399 816 1425 tamen
847 1390 963 1424 Paulli
992 1389 1109 1436 potius
1137 1389 1188 1424 in·
1284 1387 1447 1422 cuidam:
1491 1389 1660 1421 stabulum
1695 1386 1828 1427 nostrum
1859 1396 1930 1431 pete
1949 1412 1960 1428 ‚
1996 1386 2039 1418 (Ὺ

432 1442 552 1478 dicant
579 1442 706 1485 illum,
728 1440 790 1489 qui
814 1438 938 1474 vestem
960 1438 1107 1474 domino
1129 1439 1189 1474 mi.
1283 1437 1405 1483 qualem
1431 1436 1570 1470 volueris
1596 1449 1705 1483 equum
1732 1436 1840 1469 exmde
1865 1435 1959 1469 tolle.
1985 1436 2038 1469 ost

432 1493 574 1536 nffirat,
595 1491 696 1538 eique
726 1491 766 1526 ad
794 1490 826 1525 se
851 1489 1067 1524 induendum
1088 1488 1191 1524 inser·
1284 1488 1338 1521 ille
1363 1487 1407 1521 ad
1433 1487 1584 1520 Comitem
1609 1487 1740 1522 stabuli
1762 1485 1947 1533 properavit
1973 1484 2040 1519 (φτ.

433 1543 512 1587 vit,
541 1555 632 1577 nunc
660 1540 823 1586 Ajutanti
848 1540 884 1573 di
910 1543 1063 1583 Camera,
1084 1543 1191 1574 Came·
1238 1578 1255 1579 ἶ
1272 1536 1577 1584 ,Subsequentibus
1605 1536 1778 1580 Saecufis,
1803 1535 1897 1583 quod
1916 1533 2041 1570 Comi·

433 1594 529 1637 vieri,
565 1592 679 1627 Gallis
718 1591 826 1625 Valets
861 1591 898 1623 de
934 1591 1112 1624 chambre.
1153 1592 1191 1624 In
1286 1596 1336 1622 tes
1364 1587 1500 1623 stabuli
1528 1587 1700 1623 militares
1721 1587 1828 1622 etiam
1851 1585 1968 1633 copias
1989 1597 2039 1620 re-

437 1640 712 1691 Paralipomenis
753 1638 939 1684 Anonymi
982 1639 1192 1675 Salernitani
1224 1628 1256 1660 D
1284 1646 1430 1685 gerent,
1466 1637 1613 1673 caussam
1643 1637 1801 1684 praebuit
1841 1634 2040 1684 appellandi

435 1697 528 1731 Part.
556 1695 601 1728 11.
629 1694 736 1728 Torn.
762 1692 807 1727 ΙΙ.
830 1692 908 1724 Rer,
931 1689 1082 1724 Italicar.
1105 1691 1192 1738 Cap.
1284 1687 1558 1731 Comestabulum,
1595 1687 1655 1734 qui
1685 1697 1818 1722 turmae
1855 1685 1916 1721 uni
1945 1684 2039 1724 mili-

439 1747 520 1782 118.
550 1746 647 1779 Haec
675 1741 850 1790 legimus:
890 1743 998 1785 ‚Quum
1032 1740 1193 1775 Pincerna
1287 1738 1353 1773 tari
1382 1738 1564 1786 praeeffet.
1594 1737 1815 1781 Referemtarii
1841 1749 1980 1783 quoque
2007 1748 2040 1770 e-

434 1795 634 1842 Impermoris
659 1792 825 1840 (scilicet
851 1789 1029 1826 Ludovici
1052 1792 1096 1825 11.
1118 1792 1188 1825 Au·
1287 1798 1512 1824 numerantur
1539 1788 1632 1823 inter
1658 1787 1786 1822 veteris
1816 1786 1945 1822 Palatii
1967 1798 2041 1820 mu-

435 1846 552 1895 gusti)
589 1857 657 1878 cum
682 1855 772 1878 aureo
794 1842 903 1888 poculo
927 1841 1041 1874 vinum
1064 1840 1194 1885 dedtffet
1288 1852 1386 1874 nera.
1426 1839 1594 1886 Diploma
1622 1837 1764 1873 Aistulfi
1793 1834 2042 1885 Langobardo-

438 1894 645 1944 (Landulfo
672 1892 847 1941 Episcopo
875 1891 1074 1939 Capuano)
1111 1892 1139 1925 is
1165 1906 1192 1925 e·
1288 1903 1362 1924 rum
1393 1889 1496 1938 Regis
1525 1888 1624 1924 Anni
1650 1890 1850 1925 DCCLVI.
1871 1887 1963 1934 quod
1985 1885 2043 1921 ha-

437 1948 566 1994 xz‘guum
586 1944 719 1990 sumsit,
748 1944 790 1976 Θ·
810 1942 921 1984 statim
948 1942 1118 1976 Pincernae
1141 1953 1191 1988 po.
1290 1942 1344 1975 bes
1383 1942 1475 1975 Part.
1506 1942 1550 1975 11.
1579 1939 1690 1974 Tomi
1729 1941 1774 1974 IL
1812 1941 1890 1974 Rer.
1928 1935 2042 1972 Italic.

438 2000 540 2033 culum
567 1996 692 2029 reddere
716 1993 841 2027 voluit.
863 1996 917 2027 At
944 1994 1113 2038 Imperator
1137 1995 1191 2027 ad·
1290 1991 1326 2025 in
1353 1990 1522 2026 Chr-onie.
1560 1989 1708 2025 Farfens.
1737 2002 1812 2036 pag.
1837 2000 1925 2034 440.
1962 1986 2044 2022 scri-

433 2048 534 2096 jecit:
572 2073 594 2090 „
611 2044 731 2080 Vestro
767 2042 901 2078 famulo
929 2043 1094 2090 poculum
1120 2043 1190 2078 red·
1290 2050 1386 2075 otum
1415 2041 1546 2076 dicitur
1572 2054 1608 2074 ex
1633 2040 1716 2074 disto
1735 2039 1853 2073 Domni
1874 2038 1974 2084 Regis
1992 2047 2045 2081 per

441 2128 464 2144 „
489 2099 586 2140 dite,
607 2096 715 2143 fitque
737 2093 837 2129 vobis
865 2093 1053 2128 donatum.
1071 2121 1095 2137 „
1117 2095 1195 2130 Plu·
1213 2084 1254 2116 1ss
1289 2092 1491 2137 Theopertum
1520 2092 1610 2125 illius
1636 2089 1895 2132 Referendarium
1914 2115 1921 2122 .
1963 2089 2046 2122 Non

440 2164 492 2187 res
520 2156 637 2183 autem
665 2148 701 2181 in
730 2143 954 2193 Imperatoris
982 2145 1076 2179 Aula
1100 2111 1216 2193 erant-l
1290 2141 1369 2177 satis
1391 2141 1525 2188 liquet,
1542 2140 1707 2176 fuerit-ne
1728 2138 1949 2182 Reftrcndarii
1972 2151 2047 2173 mu-

441 2202 635 2241 Pincernae,
655 2196 772 2244 eisque
793 2209 880 2231 unus
901 2203 1076 2242 praeerat,
1093 2208 1195 2242 quem
1291 2206 1351 2227 nus
1379 2191 1573 2240 supplicum
1603 2204 1717 2238 preces
1746 2189 1909 2224 exhibere
1949 2188 2047 2223 Prin-

442 2252 627 2286 Pincernam
651 2248 785 2294 primum
813 2255 872 2281 aut
894 2246 1064 2292 principem
1084 2247 1195 2294 appel.
1292 2242 1388 2290 cipi,
1425 2255 1468 2277 an
1508 2243 1580 2290 ejus
1624 2241 1830 2289 Diplomata
1871 2238 2045 2282 scribere,

444 2302 587 2337 labant.
626 2301 665 2334 ln
704 2297 842 2334 Placito
879 2296 1061 2344 Spoletino
1099 2296 1197 2332 Anni
1293 2294 1489 2340 annuloque
1516 2292 1670 2340 signare,
1698 2291 1749 2326 ita
1777 2299 1816 2325 ut
1835 2290 1973 2325 nullum
1994 2288 2048 2324 di-

444 2352 658 2387 DCCCLX.
696 2349 763 2396 (ut
791 2347 919 2382 habent
946 2347 1199 2382 Additamenta
1296 2344 1438 2379 scrimen
1479 2342 1585 2379 fuerit
1624 2342 1718 2377 inter
1758 2340 1937 2383 Notarios‚
1979 2339 2047 2375 sive

447 2402 487 2436 ad
523 2399 691 2435 Chronic.
728 2396 951 2435 casauriense
973 2425 983 2441 ‚
1025 2399 1114 2433 Part.
1153 2400 1195 2432 ΙΙ.
1293 2393 1528 2438 nummarios,
1555 2406 1594 2429 ac
1622 2391 1881 2436 Referendarios.

446 2450 558 2487 Tomi
586 2451 631 2484 ΙΙ.
670 2452 748 2484 Rer.
785 2449 931 2495 Italic.)
969 2447 1061 2483 inter
1095 2448 1195 2495 Opti·
1344 2444 1429 2480 Veri
1457 2458 1595 2491 quoque
1621 2443 1730 2478 [imile
1755 2443 1821 2486 est,
1844 2440 2048 2483 Mariscalchi

448 2510 557 2537 mutes
585 2499 761 2536 Ludovici
791 2501 835 2534 H.
863 2498 1011 2547 Augusti
1047 2499 1200 2534 occurrit
1295 2495 1451 2530 officium
1480 2508 1518 2530 ac
1545 2507 1672 2530 nomen
1697 2494 1733 2528 in
1759 2492 1992 2537 Augustorum
2014 2492 2047 2526 δ(

451 2551 623 2587 Hechideus
649 2553 755 2584 Comes
789 2550 833 2584 <J
867 2551 1024 2586 Pincerna
1059 2551 1226 2598 primus.;
1276 2549 1432 2594 §Regum
1454 2546 1548 2581 Aula
1578 2544 1726 2581 minime
1761 2543 1858 2580 fuisse
1886 2541 2050 2578 defidera-

1897 2604 1971 2628 tum
1989 2621 1999 2637 ‚
