2195 3032
167 235 247 276 333
400 212 950 260 DISSERTATIO
1002 207 1409 268 QUINCTaa

1573 224 1655 260 334

101 277 276 324 distringat
295 277 364 320 fine
398 275 467 309 ulla
497 271 605 320 pariis
635 271 760 319 publice
795 284 857 306 con·
875 272 940 325 {Al
1003 272 1146 305 Praeter
1172 267 1397 315 Principatus
1423 269 1710 305 Beneventanum,

100 329 265 363 trarietate
279 355 286 361 .
322 329 370 361 Et
407 325 438 358 in
467 324 525 368 suo
554 323 688 367 servitio
726 323 861 368 habeat,

99 389 138 413 ut
164 389 304 414 eanones
327 376 455 418 iubent.
483 377 595 406 Omnes
617 373 734 420 quippe
751 373 857 419 supra.

101 428 204 464 diflas
230 440 275 461 res
301 426 355 459 illi
379 422 595 468 confirmamus
621 436 686 457 una
713 437 779 457 cum
800 433 859 457 ter·

101 480 165 522 ris,
193 476 321 517 vineis,
348 474 484 520 campis,
509 474 636 520 pratis,
656 473 778 517 silvis,
803 485 861 520 pa.

94 529 201 575 souis,
235 525 412 567 montibus,
439 525 605 567 vallibus,
638 524 861 571 planitiebus,

101 579 212 624 aquis,
231 587 441 622 aquarumque
461 574 636 613 decursibus
648 602 658 618 ,
679 575 758 621 ripis
771 602 780 618 ,
801 588 860 608 mo-

99 627 251 668 leminis,
274 625 522 672 pistationibus,
546 625 691 669 forestis,
717 625 861 659 venatio-

99 678 191 712 nibus
202 703 213 719 ,
222 675 327 720 servis
338 703 347 715 ,
359 677 487 710 ancillis
498 704 508 720 ‚
519 676 638 711 Aldiis
649 703 660 719 ,
670 675 840 711 Aldiabus
850 703 860 720 ,

98 726 257 770 ancariis,
277 726 413 769 censibus
424 753 434 770 ‚
452 726 652 773 pensionibus
662 754 673 766 ,
698 726 842 772 Capellis
852 754 863 770 ,
891 725 921 760 B

99 776 268 821 Castellis,
291 777 410 820 Villis,
433 791 470 812 ac
492 778 634 812 omnibus
652 790 710 823 que
724 778 789 810 dici
808 787 866 810 aut

101 827 258 862 nominari
289 825 433 874 possunt,
468 828 590 874 prefate
626 827 760 867 Eccleste
782 826 866 871 juste

101 878 318 924 &legaliter
349 879 580 925 pertinentibus
616 878 650 911 in
688 877 865 923 integrum.

99 929 310 975 Precipientes
337 929 438 976 igitur
464 929 589 962 omnino
621 927 792 973 jubemus,
830 938 867 962 ut

102 980 209 1013 nullus
245 980 427 1022 Dominus,
463 979 614 1024 Princeps
634 1005 644 1022 ‚
680 978 866 1022 Srradcbo,

102 1029 270 1073 Marclu’o,
297 1030 490 1076 Episcopus,
517 1032 647 1072 Comes,
676 1029 866 1073 Vicecomes,

103 1080 254 1123 nullaque
279 1080 373 1122 nostri
391 1080 520 1125 ‘Regni
551 1092 669 1125 magna
704 1079 758 1112 vel
790 1090 865 1125 par.

101 1143 147 1164 va
171 1130 301 1176 persona
323 1130 446 1177 prefate
473 1129 606 1169 Ecclesie
632 1142 701 1174 res,
736 1129 791 1163 vel
818 1132 865 1164 Ε-

949 319 1210 364 Aalerni'tanunt,
1239 320 1273 355 δε
1301 321 1512 365 Capuanum,
1539 316 1559 350 a
1588 312 1711 358 postre-

952 384 1010 406 mo
1038 370 1104 405 hoc
1132 370 1308 409 excisum.
1347 372 1489 404 Ducatus
1526 363 1715 412 Neapolitm

951 434 1009 455 nus
1050 422 1196 456 celebris
1237 420 1326 456 olim
1373 419 1442 455 fuit
1466 446 1477 454 .
1519 420 1712 464 Nunquam

954 471 1106 519 Regibus
1144 470 1409 519 Langobardis,
1447 478 1507 505 aut
1547 466 1712 516 Augustis

954 521 1118 562 Latinis,
1155 535 1194 556 ac
1236 521 1456 569 Principibus
1495 532 1602 562 nuper
1639 519 1713 553 lau-

952 572 1044 607 datis
1071 572 1247 620 contigit,
1275 581 1316 607 ut
1343 568 1648 619 praeclarissimam
1668 568 1713 603 il-

952 623 1023 657 lam
1051 623 1070 656 ὲ
1097 621 1178 657 seris
1207 621 1360 658 Saeculis
1391 622 1524 656 Urbem
1541 648 1551 664 ,
1589 631 1713 667 quam-

952 686 1058 720 quam
1086 686 1157 708 non
1195 672 1300 707 semel
1338 681 1593 720 pertentatam,
1634 669 1712 705 suae

952 723 1085 758 ditioni
1123 722 1311 758 adderent.
1358 721 1565 770 Eligebatur
1602 720 1653 755 ibi
1691 720 1712 754 ὲ

953 776 1084 823 populo
1111 777 1207 809 Dux.
1237 775 1269 809 Is
1297 776 1381 808 verb
1409 772 1566 820 suprema
1593 770 1712 806 aueto-

951 825 1055 860 ritate
1083 823 1284 868 fruebatur,
1312 823 1373 859 nifi
1395 822 1489 871 quod
1510 822 1712 865 interdum,

953 885 1012 910 aut
1034 875 1153 924 potius
1172 874 1242 910 fere
1270 874 1423 922 semper,
1452 882 1529 908 tum
1548 872 1713 915 Civitas,

954 935 1030 960 tum
1061 927 1174 960 Duces
1202 925 1254 961 uti
1286 924 1486 973 supremum
1518 923 1715 957 Dominum

954 976 1201 1011 reverebantur
1229 978 1481 1023 Imperatorem
1509 975 1684 1008 Graecum
1702 999 1712 1007 .

954 1026 1109 1072 Magistri
1135 1039 1275 1074 quoque
1303 1025 1456 1059 Militum
1482 1025 1571 1059 olim
1597 1023 1714 1069 appel·

952 1076 1018 1111 lati
1048 1076 1250 1123 Principes,
1278 1075 1406 1123 quibus
1430 1074 1582 1123 ejusdem
1610 1072 1715 1109 Civi-

956 1126 1039 1161 tatis
1082 1127 1239 1175 regimen
1281 1126 1594 1161 committebatur.
1638 1123 1714 1169 Qui

96 1180 255 1227 piscopurn
292 1181 487 1226 inquietare,
524 1179 704 1223 molestare,
739 1189 797 1214 aut
833 1180 867 1214 in
895 1180 927 1215 C
953 1177 1080 1212 titulus
1102 1187 1161 1212 aut
1184 1177 1383 1219 minorem,
1413 1186 1472 1212 aut
1493 1174 1713 1218 breviorem,

99 1231 207 1275 aliquo
226 1229 296 1271 fine
321 1231 419 1277 legali
441 1230 566 1276 judicio
599 1229 764 1279 disvestire
795 1232 883 1277 pre-³

93 1280 222 1326 sumat.
250 1281 315 1314 Sed
341 1281 435 1316 liceat
460 1284 560 1315 eidem
584 1284 707 1315 Amata
729 1254 883 1323 Archia}

98 1331 218 1377 piscopo
241 1331 362 1376 prefati
387 1331 551 1378 Episcopii
577 1344 625 1365 res
650 1345 753 1365 tenere
769 1358 778 1374 ,
796 1331 883 1378 pofi}

94 1380 199 1422 fidere
215 1408 224 1421 ,
252 1391 345 1426 atque
370 1392 426 1427 per
451 1382 503 1415 hoc
530 1381 663 1422 nostrum
686 1385 867 1427 Preceptum

99 1430 260 1477 prediHas
286 1444 332 1465 res
358 1433 402 1466 ad
437 1431 611 1465 utilitatem
640 1431 698 1475 sue
733 1431 868 1472 Ecclefie

100 1481 263 1528 adquirire
274 1509 284 1525 ,
296 1482 434 1516 omnium
447 1482 606 1516 hominum
625 1481 868 1516 contradieiione
882 1522 883 1526 Ἰ

101 1542 237 1566 remota.
264 1535 290 1566 S
292 1532 303 1566 i
329 1533 400 1579 quis
422 1543 526 1567 autem
547 1532 559 1578 (
576 1532 659 1578 quod
676 1531 787 1578 absit)
809 1532 883 1566 hu-'

97 1581 156 1627 jus
182 1582 279 1623 nostre
304 1583 504 1618 auft'oritatIs
536 1581 764 1629 presumtuofus
795 1575 884 1615 vio-l

952 1229 1059 1276 quam
1088 1227 1221 1269 Ducis,
1249 1227 1498 1262 auffioritatem
1525 1225 1642 1261 nescio
1671 1238 1715 1260 an

951 1278 1106 1314 indicare
1136 1277 1259 1321 poffit.
1288 1277 1451 1313 Venetiis
1478 1289 1618 1324 quoque
1637 1277 1716 1311 An-

953 1342 998 1364 no
1027 1330 1318 1364 DCCXXXVII.
1340 1328 1393 1363 uti
1424 1327 1604 1362 Dandulus
1634 1325 1717 1362 scri-

955 1379 1007 1414 bit
1028 1378 1067 1413 in
1087 1378 1291 1422 Chronico,
1319 1378 1510 1414 interemto
1532 1376 1621 1412 Urso
1643 1379 1717 1412 Du-

955 1442 1015 1473 ce,
1042 1442 1150 1476 quum
1179 1429 1216 1464 in
1245 1428 1442 1465 successoris
1470 1427 1643 1463 eleRione
1664 1427 1717 1464 di-

955 1479 1089 1515 scordes
1117 1480 1223 1515 effent
1251 1479 1386 1515 civium
1415 1478 1557 1522 animi,
1594 1491 1719 1513 annua-

955 1531 1015 1564 lem
1057 1530 1220 1565 Reffiorem
1257 1530 1320 1570 sibi
1344 1528 1478 1576 praeeffe
1506 1529 1716 1573 statuerunt,

955 1594 1043 1627 quem
1063 1582 1259 1626 Magistrum
1281 1580 1431 1613 Militum
1454 1579 1718 1626 appellaverunt.

99 1633 185 1665 lator
210 1632 370 1674 extiterit,
394 1635 477 1678 sciat
497 1634 533 1678 se
558 1631 790 1679 compositurum
810 1645 866 1666 au-
896 1629 931 1662 D
954 1635 1046 1676 Quae
1073 1631 1198 1676 quidem
1224 1630 1369 1676 dignitas
1390 1630 1562 1674 secundum
1589 1632 1719 1664 Graeco.

101 1681 132 1715 ri
165 1682 322 1728 puriffi'mi
358 1684 476 1716 Libras
510 1683 631 1726 mille,
668 1682 868 1716 medietatem

101 1734 232 1766 Camere
262 1731 379 1776 nostre,
419 1733 462 1765 (9⁴
497 1733 696 1766 medietatem
731 1731 884 1777 ejusdem*

103 1781 267 1828 ,Episcopii
294 1783 488 1827 regentibus.
510 1783 607 1828 ‚Quod
626 1792 661 1816 ut
679 1783 788 1816 verius
807 1796 866 1817 cre-

103 1833 223 1874 datur,
249 1833 481 1879 diligenterque
517 1834 557 1867 ab
593 1833 736 1867 omnibus
771 1833 868 1877 obser-

104 1892 201 1915 vetur
226 1895 322 1917 manu
347 1884 475 1929 propria
502 1885 677 1917 roborantes
707 1883 787 1918 hanc
809 1894 866 1930 pa-

103 1932 217 1979 ginam
238 1933 342 1975 *nostro
363 1933 473 1980 figillo
501 1933 650 1979 insigniri
672 1933 836 1978 juffimus.

156 1983 292 2030 Signum
320 1985 440 2018 Domni
460 1984 592 2018 Henrici
604 1983 788 2030 sereniffimi
807 1986 870 2019 Im-

206 2034 359 2082 peratoris
385 2035 531 2081 Augusti
545 2060 553 2068 .

955 1695 1022 1714 rum
1059 1681 1146 1725 usum
1183 1681 1366 1714 Tribunatu
1393 1679 1519 1723 major,
1551 1680 1646 1726 super
1672 1691 1720 1713 eos

955 1732 998 1765 Θ
1024 1731 1166 1765 εαηῦἶιιῑη
1192 1731 1348 1778 Populum
1370 1730 1553 1778 potestatem
1579 1730 1718 1765 obtinet.

955 1783 1073 1827 Quare
1102 1785 1225 1816 Ducum
1262 1790 1452 1829 perpetua,
1491 1781 1721 1827 Magistrorum

955 1846 1068 1867 annua
1091 1832 1237 1878 potestas
1264 1831 1362 1867 fuiffe
1383 1831 1546 1875 videtur,
1572 1830 1635 1865 nifi
1657 1844 1720 1866 no-

955 1882 1009 1918 vis
1046 1882 1218 1931 suffragiis
1246 1881 1319 1930 ipsa
1360 1880 1555 1917 identidem
1593 1880 1720 1916 confir·

957 1943 1131 1968 maretur.
1172 1932 1325 1978 Neapoli
1355 1942 1473 1968 tamen
1501 1945 1572 1967 non
1604 1945 1736 1978 preca-v

957 1985 1034 2029 ria,
1074 1983 1128 2019 sed
1156 1983 1287 2019 stabilis
1324 1982 1392 2018 fuit
1430 1982 1585 2029 Magistri
1621 1982 1721 2016 Mili-

955 2046 1021 2069 tum
1041 2034 1254 2082 appellatio.
1280 2036 1460 2070 Praeterea
1480 2033 1589 2069 iidem
1611 2032 1722 2068 inter-

153 2083 359 2119 Theodericus
392 2084 612 2120 cancellarius
636 2085 705 2119 vice
731 2088 867 2121 Eberar-
902 2079 929 2112 Ε
955 2085 1037 2121 dum
1055 2086 1193 2120 Tribuni
1210 2086 1382 2128 Militum,
1395 2084 1528 2129 saepius
1545 2087 1627 2119 verb
1639 2087 1721 2118 Con-

202 2136 241 2169 di
290 2135 469 2182 Episcopi,
521 2136 564 2169 <9⁴
607 2136 865 2172 Archicancella-

204 2186 249 2219 rii
263 2211 479 2222 .........

155 2240 247 2274 Data
269 2236 375 2283 pridie
410 2237 579 2272 Kalendas
604 2238 729 2282 Junii,
766 2242 868 2273 ⁴Anno

205 2288 439 2322 Incarnationis
474 2288 606 2322 Domini
634 2291 680 2322 M
679 2315 866 2324 ........

205 2338 380 2372 Ῑηαὶξῖῐοηε
417 2341 451 2372 V.
491 2341 592 2373 Anno
633 2342 708 2373 verb
748 2340 868 2374 Domni

207 2388 337 2422 Henrici
376 2391 418 2424 H.
446 2389 610 2436 regnantis
625 2415 738 2426 .....
767 2393 866 2438 Impe-

207 2439 251 2471 rii
275 2442 348 2472 verb
376 2442 434 2475 IX.

156 2489 281 2526 Alium
306 2489 422 2538 Trojae
442 2489 598 2535 feliciter.
626 2494 755 2529 Amen.

949 2136 1035 2181 sules
1050 2135 1217 2184 appellati
1239 2144 1446 2171 occurrunt.
1467 2137 1518 2170 De
1536 2134 1629 2170 hisce
1649 2136 1720 2169 Du-

955 2187 1042 2221 cibus
1069 2186 1205 2222 mentio
1233 2186 1278 2222 est
1306 2186 1341 2221 in
1370 2185 1538 2229 Johannis
1566 2184 1719 2220 Diaconi

956 2237 1087 2272 Histor.
1115 2236 1276 2284 Episcop.
1301 2236 1525 2284 Neapolitan.
1558 2237 1649 2271 Part.
1671 2236 1719 2271 II.

956 2287 1066 2323 Tomi
1096 2289 1122 2322 I.
1153 2290 1230 2322 Rer.
1262 2287 1414 2322 Italicar.
1448 2286 1644 2333 itidemque
1681 2285 1720 2320 in

955 2337 1136 2373 Chronico
1163 2336 1334 2373 Casmenfi
1348 2364 1357 2381 ,
1379 2338 1413 2372 &
1434 2337 1471 2373 in
1493 2337 1579 2373 Vita
1599 2335 1719 2373 Sanffi

956 2387 1136 2424 Athanasii
1163 2388 1417 2433 Neapolitani,
1438 2398 1543 2436 atque
1570 2389 1608 2424 in
1637 2387 1719 2423 aliis

955 2448 1112 2474 veterum
1155 2438 1424 2475 monumentis.
1470 2439 1643 2475 Meminit
1680 2439 1717 2473 &

957 2489 1252 2526 Bibliothecarius
1290 2489 1325 2525 in
1366 2490 1450 2526 Vita
1478 2490 1641 2538 Gregorii
1671 2489 1716 2523 II.

957 2541 1239 2588 Neapolitanorum
1282 2544 1406 2579 Ducum
1444 2540 1635 2579 Exhilarati
1673 2539 1717 2580 (θ’,

1537 2592 1665 2637 Johan.
