2195 3032
491 264 570 316 519

730 246 1169 302 ANTIOUIT.
1231 247 1486 292 MEDII
1541 248 1738 292 AEVI

1900 267 1983 307 320

428 308 518 344 nerii
549 310 583 342 in
613 305 743 341 Charta
774 304 871 340 Anni
903 307 1026 341 ch.
1055 319 1185 342 memo·
1214 309 1262 344 A
1280 308 1443 353 daldum,
1459 309 1518 344 vel
1538 322 1645 357 quum
1667 311 1775 357 Hugo
1796 309 1946 357 Magnus
1966 312 2038 346 Tu·

426 358 515 393 rati.
541 359 730 402 Quumque
751 357 780 390 is
804 356 841 390 in
869 355 961 391 vivis
982 355 1087 392 fuerit
1113 360 1185 392 An-

427 421 473 442 no
504 408 748 442 MLXXXIV.
777 405 963 441 censendus
998 407 1066 442 erit
1093 406 1187 443 filius

431 458 610 503 Ugnccionr's
636 457 735 492 Ducis
772 457 815 490 Θ
845 457 1064 501 Marchzonis‚
1092 459 1189 506 cujus

427 507 642 543 mentionem
673 506 827 542 vidimus
855 506 891 542 in
923 508 1061 543 Placito
1089 509 1188 544 Anni

428 560 570 594 MLIX.
588 557 739 593 Cuinam
764 560 846 593 vero
863 558 1030 593 Marchae
1049 558 1078 594 is
1096 572 1187 607 prae·

428 608 556 649 fuerit,
585 609 749 656 ignotum
779 607 868 643 mihi
897 607 1032 651 fateor.

480 658 730 707 Regrediamur
771 672 863 694 nunc
905 659 944 694 ad
988 660 1190 704 Bonisacium

429 712 643 743 Marchzonem
681 708 847 745 Matildis
883 710 1092 746 Comitiffae
1129 713 1182 746 Pa-

429 770 539 794 trtm.
579 762 684 795 Hunc
716 759 857 795 circiter
884 762 1030 795 Annum
1059 760 1187 796 Christi

425 811 500 845 Mi(
511 813 657 845 XXVH.
671 810 842 859 regimine
858 807 1026 847 Mdrchlae
1040 812 1190 856 Etruscae

425 860 617 903 donatum,
646 860 724 897 sunt
752 860 814 908 qui
843 861 1013 897 afferant.
1041 864 1118 910 Ego
1146 876 1187 898 ex

427 911 559 947 Charta
588 911 737 947 Archivi
765 911 906 947 Estenfis
932 912 1187 957 animadverti,

425 961 537 1008 ipsum
579 963 684 998 Anno
708 964 935 998 MXXXIV.
965 963 1033 1011 jam
1071 967 1188 998 Ducem

426 1013 556 1054 Tusciae
572 1014 804 1060 appellatum.
824 1013 950 1049 Rursus
967 1013 1079 1049 eidem
1093 1016 1187 1049 Mar·

429 1063 528 1098 chiae
566 1063 744 1111 praefuiffe
782 1063 880 1099 illius
917 1074 1094 1112 parentem
1130 1069 1186 1098 Te-

425 1114 579 1156 damam,
608 1123 712 1161 atque
742 1114 779 1148 in
807 1115 924 1149 eadem
957 1115 1186 1150 Succefforem

428 1164 470 1198 ab
487 1163 561 1210 ipso
577 1163 789 1212 designatum
808 1164 1032 1200 Bonifacium
1049 1164 1164 1201 filium
1178 1194 1187 1208 ‚

426 1223 465 1249 ut
493 1213 528 1248 id
559 1224 736 1259 repetam,
767 1215 992 1250 Recentiores
1030 1225 1180 1251 autuma-

428 1273 529 1300 runt.
559 1266 691 1300 Verum
729 1264 812 1300 haec
841 1279 910 1300 non
940 1266 1049 1301 solum
1079 1267 1186 1302 incer-

428 1324 486 1357 ta
523 1314 578 1350 sed
616 1317 717 1362 plane
754 1316 971 1363 explodenda
1009 1316 1098 1351 mihi
1137 1317 1199 1352 vi-'

427 1365 576 1400 demur.
615 1364 842 1412 Apertiffime
879 1366 987 1401 tradit
1027 1366 1189 1408 Donizo

428 1415 602 1450 dimissam
631 1417 649 1450 3
678 1416 838 1451 Tedaldo
875 1416 1059 1451 Mar-chiam
1087 1415 1187 1466 filio3

428 1466 597 1524 simulque
626 1466 706 1502 satis
732 1480 774 1502 ex
804 1465 879 1512 ipso
904 1466 1092 1512 discimus,
1119 1481 1188 1503 11011

428 1516 655 1553 imminutam
684 1517 754 1565 post
776 1517 925 1553 Tedaldi
953 1528 1102 1554 mortem
1130 1532 1185 1567 po-

429 1568 577 1603 tentiam
607 1568 675 1604 filii
702 1567 897 1603 Bonifacii.
929 1571 1108 1605 Praeterea
1134 1583 1186 1617 pa·

430 1620 499 1653 lam
529 1618 658 1654 faffium
688 1618 753 1663 est,
782 1620 838 1653 vel
870 1619 905 1654 in
935 1619 1029 1655 vivis
1066 1630 1189 1668 agente

431 1672 555 1708 Patre,
593 1670 659 1704 hoc
696 1669 741 1704 est
779 1671 886 1704 Anno
923 1669 1043 1705 saltem
1082 1673 1191 1706 M1V.

430 1719 491 1766 ipsi
522 1720 708 1755 Bonifacio
736 1719 881 1755 titulum
912 1722 1110 1755 Iiffizrchionis
1134 1722 1187 1756 ad-

432 1769 587 1805 haefiffe.
614 1773 735 1815 Quum
758 1773 840 1805 vero
860 1784 901 1805 ex
930 1770 1094 1806 haetenus
1116 1785 1190 1813 pro-

433 1821 547 1855 dnffls
569 1831 689 1856 contra
713 1831 849 1867 pateat,
873 1822 1098 1857 Provinciam
1118 1824 1189 1858 Tu-

433 1870 521 1906 sciae
559 1871 638 1906 aliis
678 1871 946 1907 Marchionibus
976 1874 1016 1907 ad
1047 1875 1192 1908 Annum

433 1920 537 1969 usque
567 1923 778 1956 mxxxiv.
809 1935 878 1956 non
906 1932 1021 1958 autem
1053 1923 1190 1960 Bonifa

432 1972 487 2007 cio
515 1972 676 2019 paruisse
707 1973 791 2019 quid
818 1972 912 2007 aliud
940 1973 1021 2008 hinc
1045 1973 1192 2010 inferen-

433 2023 513 2058 dum
546 2023 665 2065 restat,
695 2022 755 2058 nis]
788 2023 893 2058 aliam
925 2027 1016 2058 Mzr
1011 2025 1105 2060 biam
1135 2038 1190 2060 ex-

433 2083 484 2108 tra
513 2073 680 2109 Tusciam
718 2073 782 2108 effe
819 2074 1071 2120 quaerendam,
1107 2089 1194 2123 quae

433 2123 713 2162 Marchionalem
753 2124 899 2159 titulum
937 2135 1041 2172 atque
1075 2127 1190 2161 austo-

434 2175 574 2209 ritatem
614 2174 800 2210 Bonifacio
828 2188 897 2210 non
936 2176 1052 2211 minus
1088 2190 1190 2224 quam

430 2225 501 2271 ejus
532 2226 620 2272 patri
657 2225 818 2261 Tedaldo
855 2226 1039 2261 attulerit?
1070 2229 1190 2275 quue

431 2276 542 2318 magis
579 2275 671 2323 quod
700 2289 740 2310 ex
781 2275 930 2312 minime
966 2276 1081 2312 dubiis
1119 2291 1189 2314 mo·
1209 2283 1213 2307 ¹

1279 357 1385 394 sciam
1415 359 1522 395 Ducis
1549 361 1583 395 δ(
1616 359 1836 395 Marchionis
1875 359 1995 407 potest·
2005 369 2038 393 e

1279 409 1418 459 regebat
1446 410 1568 457 (rexit
1601 420 1717 446 autem
1756 410 1796 445 ad
1826 412 1971 445 Annum
2001 426 2037 444 u-

1278 459 1359 506 sque
1383 463 1456 496 ML
1476 461 1488 508 )
1510 460 1678 509 insignia,
1701 461 1917 507 titulumque
1943 462 2038 494 Mar-

1279 511 1394 545 chiont's
1418 525 1476 559 per
1501 525 1608 546 annos
1634 513 1830 556 complures
1856 509 2036 546 detulisse,

1280 562 1323 594 Et
1351 561 1391 596 ad
1420 575 1498 596 eum
1527 561 1669 608 quidem
1698 564 1844 597 Annum
1873 563 1944 596 Mi.
1966 559 2039 607 spe-

1278 610 1349 645 &at
1377 612 1497 646 nobile
1529 611 1701 646 Placitum
1734 612 1776 646 ab
1803 612 1925 647 eodem
1955 614 2039 645 Teu-

1277 662 1374 695 daldo
1401 661 1606 702 Μανεῧίοηε,
1635 663 1755 696 Comite
1781 661 1953 709 Regimfi,
1979 661 2039 696 ha·
2082 665 2086 668 ’

1280 711 1392 746 bitum
1418 711 1455 746 in
1482 711 1590 753 Castro
1613 712 1733 759 Carpi,
1758 713 1851 760 quod
1878 712 2038 757 archety-

1279 775 1359 808 pum
1397 761 1535 797 servant
1571 761 1609 797 in
1647 761 1705 798 suo
1732 762 2037 810 Chartophylacio

1259 812 1449 847 'Monachi
1476 812 1697 848 Benedistini
1720 813 1926 862 Regienses,
1947 811 2038 847 oli-n

1279 862 1395 898 saneti
1429 862 1608 911 prosperi,
1637 877 1727 899 nunc
1765 863 1882 899 33116ὶί
1922 861 2040 898 Petri.

1281 913 1372 948 [llud
1409 913 1497 949 dabo
1534 913 1625 949 infra
1661 914 1698 949 in
1730 915 1907 950 Dissertat.
1937 915 2039 948 VIII

1278 965 1315 997 de
1345 965 1539 999 Comitibus.
1570 966 1686 999 Immo
1721 967 1916 1000 Auem-emes
1952 968 2039 998 Atto

1278 1014 1428 1050 Tedaidi
1467 1024 1584 1062 pater,
1613 1015 1667 1050 uti
1704 1017 1856 1050 Chartae
1887 1023 2039 1062 quatuor

1280 1067 1297 1100 *a
1335 1065 1476 1100 Clariss.
1512 1064 1706 1100 Bacchinio
1742 1067 1924 1113 evulgatae
1961 1078 2040 1112 pro-

1278 1116 1390 1159 dunt,
1428 1125 1528 1151 antea
1566 1115 1763 1162 (videlicet
1805 1116 1865 1151 sub
1903 1117 2037 1150 Ottone

1281 1165 1420 1209 Primo,
1442 1175 1501 1201 aut
1528 1165 1649 1201 saltem
1672 1166 1731 1201 sub
1752 1166 1924 1213 secundo)
1943 1169 2039 1199 Mar-

1217 1224 1246 1257 (ζ
1277 1217 1392 1250 chionis
1412 1216 1586 1265 dignitate
1606 1230 1645 1252 ac
1666 1218 1902 1265 appellatione
1923 1215 2037 1251 fulfit0

1222 2137 1249 2170 E

1280 1269 1368 1302 Eum
1399 1266 1633 1302 Mabillonius
1663 1267 1700 1302 in
1731 1267 1905 1302 Annalib..
1930 1268 2039 1301 Bene=

1279 1317 1402 1352 diffin.
1419 1317 1460 1352 ad
1481 1320 1625 1352 Annum
1646 1319 1874 1352 MLXXXII.
1890 1317 2040 1351 Brixierv-

1278 1368 1339 1411 sem
1370 1368 1586 1402 marchionem
1623 1368 1795 1415 appellat.
1831 1367 1893 1402 Sed
1931 1367 2042 1402 nullia

1284 1418 1413 1452 tabulis
1426 1446 1436 1459 ‚
1453 1418 1486 1453 8<
1508 1430 1684 1465 perperam
1698 1445 1708 1462 ‚
1725 1427 1764 1453 ut
1782 1417 1909 1466 opinor
1921 1443 1928 1451 .
1951 1418 2042 1452 Nul-

1284 1471 1335 1503 lus
1364 1482 1445 1510 erqo
1472 1467 1697 1516 excogitandi
1734 1470 1852 1512 locus,
1883 1469 1978 1503 Patri
2006 1468 2041 1502 ὃς

1283 1521 1365 1554 Avo
1394 1518 1570 1554 Bonifacii
1596 1519 1728 1563 Tuftiae
1749 1520 1903 1566 regimen
1933 1519 2041 1553 colla-

1284 1579 1357 1604 turn
1387 1568 1543 1604 tribuisse
1572 1569 1717 1604 titulum
1751 1570 1965 1605 Marcbionis.
1995 1571 2043 1604 Ee

1284 1619 1303 1654 fi
1333 1619 1481 1654 Tusciae
1510 1633 1729 1667 nequaquam
1753 1619 1971 1668 praefuerunt
1998 1619 2041 1654 11-

1280 1670 1326 1713 11,
1346 1679 1436 1705 certe
1454 1668 1638 1705 Bonifacio
1655 1670 1731 1705 filio
1747 1685 1820 1706 earn
1840 1670 2039 1705 marchiam

1283 1720 1460 1756 Tedaldus
1473 1721 1624 1756 moriens
1638 1734 1706 1755 non
1725 1720 1898 1755 dimiserit
1911 1748 1919 1764 ,
1932 1733 2039 1767 quan-

1282 1771 1326 1806 do
1363 1785 1405 1806 ne
1443 1771 1514 1819 ipse
1551 1771 1715 1818 quidem,
1746 1770 1885 1817 ejusque
1922 1781 2042 1818 pater,

1281 1822 1625 1857 eidem‘Provinciae
1653 1821 1822 1856 Praefefifi
1843 1830 1943 1856 antea
1968 1820 2041 1856 fue-

1281 1882 1377 1907 rant.
1399 1872 1460 1907 Sed
1487 1872 1625 1919 quando
1645 1872 1775 1916 Tusciae
1798 1885 1869 1906 non
1892 1870 2040 1919 praefuit

1282 1922 1506 1958 Theodaldus
1525 1922 1578 1957 seu
1595 1922 1771 1957 Tedaldus
1784 1950 1793 1966 ‚
1806 1923 1944 1958 cuinam
1959 1924 2042 1957 Pro-

1285 1973 1420 2008 vinciae
1437 1973 1682 2008 Marchionem
1702 1974 1804 2009 illum
1824 1971 2038 2008 tribuemus?

1281 2024 1393 2067 Vide,
1419 2037 1460 2059 an
1490 2023 1582 2059 hisce
1611 2024 1761 2059 tenebris
1787 2023 1920 2071 aliquid
1950 2024 2038 2058 lucia

1283 2074 1412 2109 adferre
1434 2074 1535 2121 poffit
1555 2074 1687 2110 Charta
1712 2076 1873 2122 evulgata
1896 2074 1912 2108 ὸ
1935 2075 2041 2109 Cam-

1283 2126 1340 2171 pio
1366 2126 1473 2161 Tom.
1494 2127 1520 2160 Ι.
1547 2138 1622 2173 pag.
1647 2137 1732 2172 493.
1760 2125 1889 2161 Histor.
1910 2123 2040 2159 Eccles.

1283 2177 1477 2212 placentin.
1515 2189 1556 2210 ex
1587 2176 1747 2211 Archivo
1777 2175 2040 2211 Canonicorum

1284 2227 1589 2262 Placentinorum:
1613 2239 1700 2274 quae
1721 2226 1803 2273 quia
1824 2226 1864 2261 ad
1885 2239 1957 2260 rem
1978 2239 2041 2261 no-

1283 2277 1381 2312 stram
1410 2276 1445 2324 sp
1446 2277 1561 2312 &stare
1597 2276 1688 2324 poffe
1718 2276 1878 2321 videtur,
1906 2275 1984 2312 heic
2011 2276 2040 2312 i-

433 2327 611 2363 numentis
648 2336 869 2375 compertum
905 2327 1093 2375 habemus,
1123 2331 1190 2365 Te·
1206 2323 1213 2364 i
1262 2328 1397 2378 lterum
1425 2327 1470 2363 est
1496 2326 1719 2377 proferenda.

1880 2632 1989 2670 Char-
