2195 3032
221 151 250 189 9
516 126 1074 172 DISSERTATIO
1127 124 1413 170 PRIMA:
1655 143 1707 170 10

213 193 273 228 Ad
301 191 440 228 Italiam
475 195 594 224 tamen
631 186 725 236 quod
762 186 918 230 attinet,

165 250 435 280 commemorata
472 237 636 274 hac-{enus
665 239 756 273 mala
785 248 915 287 tempo-

167 295 276 331 rariae
296 291 409 341 potius
438 288 647 324 incursiones
668 288 831 337 fueruntg
861 302 913 323 ne·

166 359 233 394 que
259 342 349 379 enim
388 339 507 388 pedem
545 339 622 374 heic
651 339 755 387 figere
791 339 918 374 exteris

166 393 323 445 gentibus
375 389 479 425 licuit
531 389 571 424 ad
618 392 764 425 Annum
815 389 919 437 usque

167 442 465 482 CCCCLXXVI.
504 440 650 475 Accidit
692 450 836 483 autem,
883 451 919 475 ut

165 496 229 530 hoc
257 490 377 526 eodem
415 492 524 525 Anno
562 492 695 525 Odoacer
723 491 916 537 Turcilingo-

163 556 257 586 rum,
297 543 539 587 Herulorumque
574 544 675 584 Rex,
712 540 920 576 subfidiariis

163 593 313 628 aliorum
345 591 557 639 Populorum
597 591 708 639 copiis
737 591 920 634 suffultus,

163 642 252 678 hanc
293 640 401 690 ipsam
449 641 674 677 Provinciam
713 641 919 683 invaderet,

163 702 268 741 atque
296 691 372 727 heic
402 694 560 739 Regnum
589 691 748 727 statueret
765 720 775 736 ,
803 691 920 727 everso

161 743 335 779 Momillo
362 742 577 790 Augustu10‚
606 742 643 777 in
665 742 760 790 cujus
788 742 920 778 Occasu

165 794 269 830 finem
307 791 405 827 fimul
435 792 557 827 habuit
594 792 823 828 Occidentale
852 796 919 828 Ro-

164 856 346 879 manorum
370 842 580 891 Imperium.
614 843 711 878 Novi
734 843 847 892 Regni
868 857 918 878 ca-

162 903 227 944 put
256 896 421 928 Ravenna
450 893 635 928 constituta
663 893 734 943 est3
766 894 820 929 sed
851 907 920 928 non

163 945 224 980 diu
252 943 420 979 Odoacris
457 942 596 979 fortuna
624 944 740 979 stetit.
778 944 920 980 Etenim

164 997 274 1030 Anno
295 996 627 1030 CCCCLXXXIX.
650 995 795 1030 Italicos
824 1008 922 1043 agros

164 1046 272 1080 altera
289 1046 439 1092 procella
457 1044 603 1093 pervasit
615 1073 624 1089 ‚
641 1045 809 1081 videlicet
825 1047 920 1080 Theo·

163 1096 283 1130 clericus
307 1096 474 1129 Gothorum
494 1098 591 1139 Rex,
620 1105 723 1143 atque
749 1096 833 1131 adeo
856 1098 919 1131 Bo-

163 1145 311 1181 realium
359 1147 571 1193 Populorum
614 1160 726 1181 novus
772 1146 921 1191 du&or‚

162 1205 238 1232 tum
267 1195 419 1231 Zenonis
448 1196 594 1245 Augusti
623 1196 787 1233 consensu
805 1226 814 1242 ,
843 1206 919 1233 tum

163 1245 241 1290 siti,
270 1259 307 1281 ac
336 1245 391 1293 spe
418 1246 573 1296 ingentis
594 1247 759 1295 praedae,
787 1248 824 1284 in
854 1250 920 1283 Ita-

163 1296 250 1331 liam
280 1296 400 1340 venir,
429 1307 467 1332 ut
495 1298 568 1345 ejus
588 1298 778 1346 imperium
806 1299 921 1334 Odoa-

164 1347 214 1380 cri
243 1347 491 1381 contenderet.
523 1349 590 1380 Pro
627 1348 756 1381 Gothis
785 1348 923 1380 fortuna

163 1395 250 1430 belli
279 1394 397 1437 stetit,
435 1396 452 1428 a
480 1394 606 1440 quibus
643 1394 788 1442 proinde
816 1397 924 1429 Anno

166 1446 435 1480 CCCCXCHI.
464 1444 661 1479 institutum
693 1444 762 1479 fuit
789 1444 826 1479 in
855 1447 922 1479 Ita-

165 1494 212 1530 lia
235 1494 427 1530 Gothicum
447 1496 602 1540 Regnum
617 1521 626 1536 ‚
648 1494 689 1527 ab
710 1493 784 1540 ipso
805 1494 922 1528 Theo-

164 1544 282 1579 derico
300 1570 309 1586 ‚
331 1542 469 1591 ejusque
498 1541 742 1577 successoribus
769 1542 922 1591 Regibus

163 1593 320 1628 viriliter
356 1591 528 1627 servatum
566 1591 670 1640 usque
699 1592 740 1628 ad
775 1594 919 1629 Annum

162 1645 281 1679 DLII..
310 1656 378 1689 quo
414 1642 623 1686 justinianus
652 1644 679 1678 I.
707 1645 920 1679 Graecorum

162 1695 358 1742 Imperator
402 1693 646 1728 celeberrimus
688 1707 748 1740 per
792 1694 919 1729 Belisa-

159 1743 281 1787 rium,
310 1757 347 1778 ac
377 1743 585 1787 Narsetem‚
614 1743 810 1793 profligatis
840 1746 916 1780 Bar-

162 1794 277 1836 baris,
306 1796 504 1829 Romanum
527 1794 717 1843 Imperium
745 1794 858 1830 rursus
882 1795 918 1831 in

160 1844 267 1880 Italia
295 1843 429 1879 erexit.
469 1847 599 1889 Tunc,
628 1854 666 1881 ut
695 1854 806 1893 puto,
834 1859 916 1882 unu·

161 1893 322 1941 squisque
350 1894 529 1941 sperasset,
557 1895 759 1931 diuturnam
784 1897 822 1932 in
851 1898 913 1931 Ita·

160 1944 210 1980 lia
238 1944 389 1979 futuram
427 1944 608 1992 quietem:
649 1955 804 1981 attamen
841 1960 918 1982 ecce

159 1995 437 2040 Langobarclormn
462 2008 565 2042 gens,
594 1996 683 2030 alter
709 2008 832 2044 nempe
855 1999 917 2033 Po-

159 2045 262 2093 pulus
283 2045 568 2092 Septemtrionali
598 2046 807 2083 Germaniae
830 2048 917 2082 olim

159 2093 377 2141 adscriptus,
413 2094 473 2131 sub
509 2096 652 2131 Alboino
688 2101 775 2144 Rege
811 2099 918 2133 Anno

159 2145 368 2180 DLXVIII.
396 2145 507 2181 sedern
545 2145 606 2182 fibi
645 2146 737 2183 inter
775 2148 918 2184 Italicos

158 2208 322 2243 quaerere
341 2223 350 2239 ,
386 2197 420 2231 δε
451 2196 589 2245 potiore
618 2197 690 2245 ejus
728 2208 823 2246 parte
861 2213 916 2235 oc·

160 2254 285 2292 cupata
302 2274 311 2291 ,
339 2259 469 2282 nomen
497 2247 767 2296 Langobardico
796 2252 917 2299 Regno

159 2296 339 2342 tribuere,
368 2298 464 2346 cujus
493 2298 602 2347 Regia
629 2299 801 2336 Ticinum
830 2299 917 2336 fuit.

163 2346 232 2381 Sub
259 2346 324 2383 hoc
352 2348 492 2384 turbine
513 2348 689 2398 insperato
716 2351 841 2386 Italica
867 2365 917 2387 re-

163 2394 224 2442 gio
259 2396 382 2434 faciem
425 2401 526 2448 plane
567 2400 711 2435 mutasse
753 2400 917 2437 censenda

162 2445 234 2494 &1³13
261 2446 333 2494 jam
359 2449 452 2486 enim
480 2450 721 2500 praecedentes
745 2451 916 2489 bellorum

948 190 980 224 A
1007 187 1122 230 vices,
1149 188 1183 222 &
1209 199 1326 222 recens
1347 196 1454 232 eaque
1481 182 1679 232 graviffima
1700 187 1766 220 Pes

1005 237 1156 273 stilentia
1192 239 1226 273 8<
1256 240 1403 279 Fames,
1443 235 1565 270 Paullo
1604 235 1767 271 Diacono

1007 288 1085 323 teste
1114 289 1195 324 Lib.
1217 290 1261 323 11.
1290 289 1375 334 Cap.
1399 287 1460 321 IV.
1489 285 1529 320 de
1557 285 1647 321 Gest.
1670 287 1765 322 Lan.

1007 338 1263 385 gobardorum,
1301 336 1557 373 habitatoribus
1591 336 1702 371 Urbes
1729 337 1764 371 8<

1008 402 1104 436 agros
1151 388 1376 424 exhauserat.
1423 385 1576 422 Acceffit
1622 386 1662 422 ad
1708 395 1765 422 tot

1009 439 1213 475 Italicorum
1259 438 1475 473 calamitates
1517 436 1685 473 immensa
1726 437 1766 472 in

1008 490 1142 525 vifflore
1170 490 1304 537 Populo
1325 487 1467 536 praedae
1496 501 1533 523 ac
1555 487 1764 523 divitiarum

1007 540 1161 588 cupid0;
1191 551 1302 586 neque
1329 538 1424 572 enim
1452 537 1501 573 sat
1529 539 1573 574 iis
1600 537 1669 573 fuit
1696 539 1765 573 Ur-

1008 591 1064 625 bes
1092 603 1129 624 ac
1158 588 1297 636 Oppida
1331 588 1508 634 occupasse
1522 601 1536 635 ς
1576 590 1696 623 verum
1731 601 1765 622 e-

1007 639 1093 674 tiam
1124 638 1341 687 privatorum
1370 650 1447 672 rura
1474 638 1508 671 8<
1537 650 1675 685 campos
1703 636 1765 673 sub

1008 690 1114 725 variis
1149 688 1265 724 titulis
1294 687 1355 723 fibi
1384 686 1616 734 usurparunt,
1644 701 1765 723 eorum

1009 740 1245 788 possessoribus
1273 747 1332 774 aut
1360 737 1566 781 trucidatis,
1595 746 1653 773 aut
1681 737 1766 773 exfi-

1008 791 1096 826 lium
1137 790 1249 825 subire
1293 788 1449 824 coafflis.
1497 789 1551 823 Ita
1593 787 1629 823 in
1672 787 1765 825 hisce

1009 841 1162 890 partibus
1191 839 1313 875 attrita
1351 852 1420 875 non
1449 851 1570 886 parum
1598 837 1666 874 fuit
1695 841 1766 874 Ro.

1008 904 1190 927 manorum
1211 889 1415 939 progenieS,
1435 890 1468 924 8(
1490 897 1677 937 propagata
1699 890 1768 924 Bo-

1007 942 1108 977 realis
1131 941 1257 989 Populi
1279 942 1411 989 proles.
1441 942 1566 987 Neque
1586 939 1646 975 uni
1672 941 1768 975 Lan-

1007 992 1151 1042 gobardi
1179 991 1257 1027 heic
1286 990 1491 1026 constitere.
1524 990 1582 1025 Ad
1612 989 1766 1038 primum

1008 1056 1182 1079 rumorem
1212 1041 1429 1091 properantis
1451 1039 1601 1076 Alboini
1631 1040 1666 1076 in
1696 1043 1768 1076 Ita-

1007 1095 1091 1130 liam
1110 1122 1119 1138 ,
1158 1093 1304 1129 comites
1333 1092 1365 1128 se
1405 1092 1461 1127 illi
1490 1091 1695 1127 addiderunt
1731 1092 1767 1126 δε

1008 1145 1096 1180 aliae
1132 1144 1361 1182 Germanicae
1407 1151 1525 1190 gentes
1547 1170 1557 1186 ,
1603 1156 1645 1178 ex
1691 1142 1767 1190 ipso

1007 1196 1115 1231 etiam
1143 1194 1332 1231 remotiore
1357 1192 1499 1242 glaciali
1528 1192 1684 1229 Climate
1710 1193 1769 1228 ad-

1008 1246 1139 1290 scitae,
1177 1246 1227 1280 ita
1255 1254 1293 1280 ut
1321 1245 1398 1279 heic
1435 1243 1545 1279 sedem
1576 1243 1637 1278 fibi
1674 1243 1767 1278 dele-

1007 1296 1122 1344 gerint
1151 1309 1216 1331 una
1244 1308 1323 1330 cum
1360 1293 1601 1342 Langobardis
1637 1293 1765 1337 Saevi,

1007 1347 1140 1387 Norici,
1173 1347 1357 1389 thlgares,
1385 1345 1505 1386 Gothi,
1543 1344 1700 1390 aliaeque
1727 1343 1765 1379 id

1006 1407 1111 1441 genus
1141 1393 1259 1428 turbae
1277 1421 1287 1436 ,
1321 1392 1446 1439 quibus
1474 1393 1507 1427 ὃς
1536 1392 1592 1428 sua
1621 1394 1765 1440 praedae

1007 1443 1123 1491 portio
1152 1443 1287 1477 decreta
1314 1442 1377 1477 est.
1408 1444 1522 1476 Immo
1547 1441 1765 1478 animadver-

1006 1492 1147 1527 tendum
1169 1492 1235 1534 est,
1262 1491 1444 1526 nonnullis
1465 1491 1614 1538 oppidis
1635 1505 1673 1527 ac
1700 1494 1767 1529 Vi-

951 1546 983 1579 D
1005 1541 1053 1576 cis
1074 1540 1339 1588 Langobardiae
1360 1540 1561 1588 impositum
1583 1541 1680 1578 fuiffe
1702 1556 1766 1579 no.

1005 1605 1083 1627 men
1111 1591 1253 1639 gentis,
1291 1591 1347 1626 cui
1377 1591 1417 1626 ad
1445 1591 1673 1628 habitandum
1702 1595 1765 1629 ob-

1005 1642 1184 1689 tigerunt.
1216 1643 1271 1676 Do
1300 1641 1417 1677 testem
1446 1656 1554 1691 nuper
1582 1643 1764 1681 laudatum

1006 1694 1167 1728 Paullum
1188 1691 1422 1737 warnefridi,
1451 1692 1518 1728 five
1541 1693 1764 1740 Diaconum,

1006 1742 1276 1792 Langobardum
1313 1756 1462 1792 genere,
1500 1744 1537 1779 in
1574 1743 1686 1780 Libro
1714 1748 1764 1782 ΙΙ.

1005 1796 1091 1842 Cap.
1131 1795 1261 1829 XXVI.
1301 1794 1343 1829 de
1383 1794 1474 1829 Gest.
1515 1796 1766 1843 Langobardo-

1006 1858 1107 1880 rum.
1145 1848 1272 1879 Certum
1308 1844 1376 1888 est,
1419 1844 1537 1892 inquit
1573 1845 1662 1890 ille,
1690 1858 1764 1882 tunc

1005 1896 1128 1931 Alboin
1160 1897 1272 1929 multos
1301 1897 1402 1940 secum
1429 1909 1465 1929 ex
1490 1896 1652 1940 diversis,
1686 1910 1766 1944 quas

1005 1947 1057 1980 vel
1082 1947 1144 1981 alii
1170 1950 1296 1991 Reges,
1324 1946 1379 1980 vel
1406 1946 1468 1992 Ipse
1494 1957 1632 1993 ceperat,
1656 1949 1766 1994 genti-

1004 1999 1061 2031 bus
1095 1997 1139 2032 ad
1165 1997 1297 2031 Italiam
1332 1996 1521 2042 adduxr'ffi’:
1555 1999 1636 2031 unde
1671 1998 1765 2045 usquo

1005 2048 1095 2082 hodie
1129 2061 1230 2082 eorum
1246 2075 1255 2092 ,
1294 2048 1326 2082 in
1354 2047 1465 2094 quibus
1499 2048 1674 2091 habitant,
1708 2050 1764 2082 vi-

1004 2112 1069 2142 cos,
1090 2099 1246 2146 Gepidos,
1268 2098 1443 2144 Eulgares,
1463 2100 1649 2142 sarmatas,
1673 2102 1763 2133 Pan-

1005 2150 1130 2192 nonios,
1157 2153 1283 2184 Sua-vos
1299 2178 1308 2193 ‚
1337 2148 1485 2191 Noricos,
1504 2147 1577 2188 sive
1602 2149 1678 2182 aliz‘s
1703 2150 1762 2183 hu.

999 2199 1170 2244 juscemodt'
1205 2200 1380 2234 nominibus
1405 2199 1623 2245 appellamus.
1660 2201 1764 2245 Quae

1004 2249 1082 2285 heic
1109 2250 1230 2286 scribit
1259 2250 1419 2292 Paullus,
1448 2247 1585 2285 fortasse
1611 2263 1672 2285 nos
1699 2251 1763 2287 du.

1004 2309 1087 2336 cunt
1115 2301 1154 2336 ad
1184 2299 1451 2348 intelligendum
1469 2328 1479 2345 ‚
1508 2313 1569 2335 cur
1595 2303 1759 2346 Ducatus,

1003 2360 1063 2387 aut
1099 2353 1273 2386 Comitatus
1310 2350 1488 2397 Burgart'ae
1527 2352 1761 2400 appellaretur

1002 2402 1090 2437 olim
1118 2402 1214 2449 regio
1240 2400 1408 2448 quaedam
1436 2401 1477 2436 ad
1505 2401 1759 2448 Occidentem,

1003 2452 1219 2491 contermina
1238 2451 1492 2490 Mediolanensi
1514 2466 1595 2503 agro
1608 2481 1617 2498 ,
1637 2455 1672 2489 <Sc
1693 2454 1759 2497 ali-¹

1616 2514 1706 2554 quot
