2195 3032
486 226 563 266 107

800 207 1187 264 ANTIQUIT.
1227 209 1448 252 MEDII
1482 211 1655 254 AEVI

1886 218 1966 258 108

418 268 494 305 dita
515 281 633 304 revera
652 267 813 304 videntur
830 296 839 311 ‚
859 266 929 313 post
957 269 1073 314 aliqua
1093 278 1177 303 tem·
1193 275 1320 316 {Asper
1334 270 1401 303 dies
1415 271 1535 318 aliquot
1550 271 1778 307 Mauricionem
1804 274 1919 308 Ducem
1939 279 2027 310 Lan'-

422 334 505 369 pora
535 321 679 368 pendere
720 319 761 354 ab
790 318 917 353 Italico
960 321 1081 366 Regno
1123 319 1176 354 de-

422 373 681 423 prehenduntur
697 399 707 415 ‚
735 369 846 417 iisque
862 370 1032 404 duntaxat
1057 370 1075 405 ὲ
1100 383 1181 405 con-

423 424 569 460 ceffione
600 420 777 469 Rodulphi
807 422 832 455 Ι.
855 422 1093 455 Romanorum
1118 423 1181 456 Re-

424 476 476 522 gis
505 474 563 509 sub
594 473 699 508 finem
728 470 863 507 Saeculi
906 471 1026 506 Tertii
1053 471 1181 506 decimi

423 522 574 560 Ecclesia
602 526 758 559 Romana
783 521 890 570 potiri
915 522 948 556 ὅ(
975 521 1044 557 frui
1072 522 1183 557 rursus

425 577 542 625 coepit
560 604 567 611 .
597 574 660 610 Sed
688 572 790 608 fufius
832 572 872 608 de
900 572 954 608 his
996 572 1111 607 aestum
1139 573 1184 608 est

426 628 464 663 in
493 625 642 675 pleniori
679 622 907 672 Expofitione
935 623 1071 668 Jurium
1112 625 1181 659 Co-

427 677 533 713 macli
550 675 679 722 ‚Quod
708 685 824 710 tamen
853 674 1090 710 omittendum
1111 688 1181 710 non

426 728 496 773 est,
525 728 561 763 in
591 727 795 774 Diplomate
829 725 1007 762 Ludovici
1035 727 1079 760 11.
1111 729 1183 760 Au-

426 778 512 827 gusti
541 779 580 814 ad
610 780 755 813 Annum
785 778 1089 812 DCCCLXXIV.
1114 776 1184 821 spe-

425 831 544 865 ‹Stante
563 858 572 874 ,
600 829 693 876 quod
721 829 799 863 abes
836 828 873 863 in
900 826 1082 863 Chronico
1118 828 1184 863 Ca-

428 880 588 917 saurienfi
628 882 720 915 Part.
748 880 793 913 11.
833 878 943 914 Tomi
972 880 1018 913 11.
1055 880 1183 913 Rerum

428 932 629 967 Italicarum
661 939 736 979 pag.¹
766 933 848 966 811.
876 930 1056 976 Spoletinus
1082 932 1185 963 Duca-

427 994 478 1017 ttts
505 981 668 1030 distingui
688 980 826 1016 videtur
853 982 870 1015 a
899 981 1081 1014 Camerino.
1112 979 1184 1013 Fir-

428 1048 475 1068 mo
500 1062 510 1078 ,
542 1036 560 1069 ὲ
596 1033 764 1079 Pentapoli
789 1061 799 1076 ,
821 1031 967 1078 aliisque
1010 1029 1184 1065 Urbibus.

428 1087 482 1120 En
511 1085 641 1120 verba:
669 1087 730 1118 Per
754 1094 850 1117 totam
876 1081 1076 1128 Pentapolim
1093 1108 1102 1124 ,
1119 1083 1185 1114 Tu-

422 1137 521 1181 fn'am
539 1163 548 1179 ,
577 1136 619 1169 (9⁴
653 1135 847 1181 Spoletinum
885 1136 1067 1174 Ducntmn,
1094 1142 1202 1178 atque,

1262 322 1491 368 gobmdorzmz,
1520 323 1622 369 quise
1646 327 1858 358 Romanorum
1881 327 2026 373 partibus

1269 373 1466 417 tradiderat,
1487 375 1603 419 ohsedzt
1619 401 1629 418 ‚
1649 376 1690 408 (9·
1701 374 1768 416 fine
1796 387 1879 409 mora
1904 386 2028 422 captum

1269 425 1344 457 vird
1367 424 1537 471 privavit.
1568 425 1664 460 Hinc
1693 425 1832 469 videas,
1863 425 2025 467 Perusiam

1272 474 1399 509 iterum
1428 475 1670 523 Langobardis
1688 476 1832 524 paruisse
1848 503 1856 510 .
1886 478 2027 525 Integro

1273 525 1342 571 post
1357 527 1501 560 Saeculo
1528 526 1767 574 Liutprandus
1786 530 1858 562 Rex
1883 528 2028 561 Sutrium

1273 574 1426 623 recepit,
1454 575 1547 622 quod
1574 577 1608 611 δε
1636 576 1749 613 rursus
1778 576 1946 613 Romanis
1974 591 2028 613 re-

1271 625 1411 661 stituit.
1452 625 1604 662 Subinde
1630 629 1671 662 ab
1711 629 1812 663 eodem
1852 632 1961 675 Rege,
1989 637 2029 664 ut

1269 676 1373 712 refert
1400 676 1593 713 Anastafius
1606 677 1877 714 Bibliotecarius
1900 679 1937 713 in
1964 679 2029 714 Vi-

1270 738 1305 763 ta
1341 727 1527 764 Zachariae
1565 731 1706 776 Papae,
1743 731 1847 764 ablate
1892 728 1970 773 sunt
2007 732 2028 762 ὰ

1273 783 1416 814 Romano
1443 782 1569 814 Ducam
1585 780 1746 814 Civitates
1772 790 1923 827 quatuor,
1952 780 2029 821 idest

1247 831 1429 874 'asmeriffi
1458 833 1581 874 Horta,
1609 831 1854 874 Polimartium,
1880 830 1915 864 &
1951 830 2031 864 Ble-

1273 894 1308 915 ra
1326 908 1334 916 .
1353 882 1420 915 Pro
1447 881 1589 916 Graecis
1619 880 1810 917 intercessit
1836 879 2029 928 Gregorius

1275 932 1338 966 ΙΙΙ.
1368 932 1459 978 Papa
1480 958 1491 974 ,
1518 932 1553 965 8<
1588 931 1652 966 hac
1679 932 1721 967 de
1748 946 1784 967 re
1810 931 1944 979 scripsit
1987 930 2030 967 ad

1272 994 1393 1017 omnes
1418 980 1609 1029 Episcopos
1627 991 1884 1017 commorantes
1902 983 1935 1016 in
1964 985 2031 1016 Tu-

1266 1032 1334 1077 scia
1361 1032 1638 1078 Langobardorum
1655 1060 1664 1076 ,
1679 1042 1718 1067 ut
1743 1046 1785 1068 ex
1811 1033 1884 1081 ejus
1912 1031 2028 1067 literis

1273 1081 1402 1118 constat
1429 1081 1534 1117 editis
1563 1082 1604 1117 ab
1633 1083 1865 1119 Illustriffimo
1899 1084 2031 1117 Fonta-

1273 1132 1373 1169 ninio
1387 1132 1665 1181 Archiepiscopo
1684 1135 1876 1179 Ancyrano
1894 1133 1930 1168 in
1945 1133 2028 1168 Lib.

428 1187 631 1221 Camerinum
656 1186 870 1229 comitatum,
911 1197 963 1217 nec
1005 1196 1064 1216 non
1092 1183 1187 1217 etiam
1215 1191 1246 1226 C
1271 1184 1312 1219 de
1340 1183 1562 1231 Antiquitat.
1580 1185 1716 1220 Hortae
1744 1197 1820 1232 pag.
1851 1186 1935 1231 385.
1963 1185 2030 1217 Eas

429 1238 612 1272 firminum
624 1265 634 1280 ‚
650 1236 836 1280 Aftolimtm
850 1263 858 1279 ‚
869 1234 1070 1281 Aprutinotm
1082 1261 1091 1276 ,
1104 1236 1200 1294 Pon-j

430 1289 560 1330 ninum,
584 1288 638 1332 seu
664 1288 835 1321 Teatinum
875 1286 1086 1320 territorium.
1116 1286 1200 1318 Ve-⁴

428 1341 505 1373 rum
534 1338 617 1372 haec
654 1337 705 1372 ita
744 1345 912 1385 concepta
940 1335 1039 1379 sunt,
1077 1344 1115 1369 ut
1143 1335 1200 1376 ab!

429 1392 550 1424 eodem
568 1390 707 1422 Ducatu
726 1387 874 1422 minime
890 1387 1027 1420 exclusa
1045 1382 1201 1430 videam}

429 1450 512 1482 tur,
540 1451 647 1486 quum
678 1437 795 1485 potius
823 1437 934 1471 Urbes
961 1436 1025 1470 ille
1046 1435 1201 1487 emmae-J

429 1499 549 1525 rentur
576 1488 783 1537 fingillatim
817 1496 1001 1534 tamquam
1030 1497 1201 1552 compre-¹

429 1539 551 1575 hensae
580 1539 616 1575 in
645 1539 765 1574 eodem
783 1565 792 1573 .
1198 1554 1201 1603 Ι

1198 1608 1200 1619 1

479 1593 600 1635 Quum
619 1592 701 1624 vero
719 1590 829 1623 multa
845 1586 1098 1622 intercesserint
1115 1586 1183 1621 bel-

1273 1245 1389 1270 tamen
1418 1235 1530 1270 Urbes
1558 1235 1777 1282 recuperavit
1813 1233 1938 1270 deinde
1966 1235 2031 1268 Za-

1271 1285 1404 1321 charias
1434 1286 1525 1333 Papa
1552 1284 1718 1333 Gregorii
1755 1284 1921 1320 successor
1941 1311 1952 1328 ‚
1986 1297 2030 1319 ex

1270 1337 1366 1384 cujus
1394 1335 1481 1370 Vita
1502 1335 1739 1383 intelligimus
1756 1362 1766 1379 ‚
1784 1335 1929 1377 Castrum
1943 1347 2030 1381 quo·

1270 1400 1336 1432 que
1366 1386 1561 1429 Viterbium‚
1590 1385 1702 1432 postea
1718 1385 1918 1420 Civitatem
1945 1385 2031 1432 Epi-

1253 1436 1467 1482 ·scopalem,
1493 1434 1530 1469 in
1559 1434 1690 1470 Tuscia
1717 1435 2031 1484 Langobardorum

1273 1486 1371 1521 fuisse
1399 1484 1707 1532 comprehensum,
1723 1488 1824 1531 Quae
1849 1485 1952 1522 unica
1968 1499 2031 1521 no-

1272 1537 1325 1572 tio
1353 1536 1434 1571 satis
1451 1536 1495 1571 est
1523 1536 1563 1572 ad
1581 1535 1808 1572 indicandum
1826 1564 1835 1581 ‚
1852 1535 2032 1584 quousque

1273 1586 1499 1635 Langobardi
1550 1587 1636 1622 fines
1672 1587 1748 1623 suos
1779 1586 2031 1636 amplificarint

429 1643 462 1677 la
489 1642 581 1676 inter
600 1643 709 1687 Reges
737 1637 987 1686 Langobardos
1004 1665 1013 1680 ,
1031 1638 1062 1671 8<
1080 1639 1244 1688 Grae-'D
1274 1639 1390 1673 versus
1413 1639 1589 1672 Ducatum
1616 1640 1814 1673 Romanum
1828 1665 1836 1673 .
1854 1637 1950 1673 Huic
1964 1640 2031 1673 Ur-

429 1706 508 1735 cos,
530 1691 612 1727 hinc
649 1693 840 1725 Exarcatus
859 1687 1073 1724 Ravennatis
1094 1714 1104 1730 ‚
1132 1686 1200 1723 inm

421 1743 469 1778 ·de
498 1741 650 1778 Romani
680 1744 835 1776 Ducatus
863 1739 923 1775 diu
958 1724 1200 1791 poffefforestl

429 1792 610 1829 immutati
653 1800 835 1839 propterea
876 1789 1051 1827 interdum
1089 1788 1183 1823 fuere

429 1844 609 1891 Spoletani
640 1845 795 1877 Ducatus
823 1842 914 1876 ultra
952 1839 1182 1888 Apenninum

427 1896 512 1931 fines
529 1922 539 1938 ,
568 1902 670 1942 prout
699 1905 874 1928 armorum
903 1891 1003 1926 favor
1029 1890 1184 1926 ferebat.

428 1945 595 1992 Idemque
622 1943 753 1979 fastum
781 1942 822 1978 de
858 1942 974 1987 Tuscia
1000 1943 1184 1988 Langobar-

425 1995 682 2041 doru›n‚⁴cujus
711 1993 796 2029 fines
838 1993 875 2028 in
913 1992 1027 2041 ipsum
1056 1994 1182 2028 Roma-

426 2060 509 2082 num
528 2048 704 2081 Ducatum
722 2043 903 2093 propagati
919 2043 1095 2079 interdum
1112 2043 1182 2079 fue-

427 2111 461 2132 re
478 2124 486 2132 .
516 2099 645 2132 Narrat
674 2096 814 2131 Paullus
833 2094 1010 2130 Diaconus
1038 2093 1079 2128 de
1115 2097 1182 2130 Ge.

426 2148 482 2183 stis
498 2146 759 2196 Langobardor.
784 2146 866 2182 Lib.
893 2159 927 2191 4.
953 2147 1040 2192 Cap.
1071 2147 1102 2180 8.
1121 2147 1182 2180 Pa.

427 2197 572 2233 tricium
623 2200 797 2233 Exarcum
836 2196 1044 2244 recuperasse
1100 2209 1181 2243 qua-

428 2249 521 2284 sdam
551 2247 826 2291 eCivitatibus‚
855 2261 933 2294 quae
959 2250 979 2282 d
1000 2249 1182 2293 Langobar-

426 2301 478 2334 dis
503 2301 690 2334 tenebantur
717 2326 727 2342 ,
754 2311 885 2345 quarum
918 2297 995 2341 sunt
1032 2298 1157 2331 nomina
1173 2326 1182 2341 ,

428 2351 571 2384 Sutrium
589 2377 598 2393 ‚
625 2350 848 2383 Polimartium
863 2377 874 2393 ‚
903 2352 1004 2383 Horta
1027 2376 1037 2392 ,
1065 2350 1180 2382 Tuder.

428 2410 515 2440 tum,
541 2401 698 2441 Ameria,
718 2400 868 2443 Perusia,
890 2400 1052 2442 Luceolis,
1082 2400 1124 2433 (9‘
1150 2414 1183 2434 a·

429 2452 490 2485 ἔἔιίις
525 2450 675 2496 quasdam
701 2451 888 2486 Civitates.
929 2450 1033 2486 Nihil
1071 2463 1181 2486 mora-

427 2511 484 2536 tus
511 2500 555 2536 est
584 2500 799 2548 Agilulphus
822 2504 918 2546 Rex,
939 2500 1107 2549 lec‘iisque
1129 2515 1182 2536 co-

1275 1688 1309 1723 bi
1327 1688 1452 1723 miram
1469 1687 1721 1735 antiquitatem
1743 1688 1934 1723 conciliare
1950 1688 2030 1735 qui-

1273 1739 1352 1774 dam
1381 1752 1489 1787 nuper
1516 1749 1660 1774 conatus
1688 1738 1732 1774 est
1752 1766 1762 1782 ‚
1800 1738 1855 1774 sed
1884 1738 2030 1774 somniis

1274 1799 1412 1825 tantum
1433 1788 1602 1824 adhibitis
1615 1817 1622 1824 .
1645 1788 1806 1836 Suspicor
1825 1802 1889 1838 ego
1905 1790 1923 1824 ὲ
1937 1791 2031 1825 Lan-

1273 1840 1434 1889 gobardis
1450 1840 1570 1876 Castro
1586 1839 1644 1875 illi
1669 1840 1800 1875 recenti
1827 1853 1955 1875 nomen
1976 1840 2031 1875 in-

1272 1892 1386 1927 ditum
1415 1890 1535 1935 fuisse,
1563 1890 1656 1938 quod
1686 1890 1775 1926 olim
1812 1889 1849 1926 in
1887 1893 2032 1926 Germa-

1273 1943 1350 1978 nica
1378 1942 1519 1990 Lingua
1548 1941 1670 1977 usitata
1697 1941 1787 1977 foret
1815 1955 1885 1977 vox
1914 1942 2032 1976 Bider-

1273 2007 1312 2027 ve
1340 1992 1380 2028 ad
1397 1991 1658 2041 significandam
1684 2005 1941 2040 quamcumque
1957 2004 2030 2027 rem

1272 2043 1422 2087 fortem,
1450 2052 1590 2090 aptam,
1613 2044 1647 2078 &
1669 2043 1754 2078 bene
1782 2041 2030 2090 compositam.

1273 2094 1417 2136 Castrum
1443 2095 1585 2128 Biderve
1603 2121 1613 2137 ,
1655 2092 1780 2128 deinde
1808 2094 1999 2128 Bidervt'um
2020 2120 2030 2137 ,

1275 2145 1480 2188 Bitervium,
1509 2144 1682 2178 Viterbium
1702 2143 1872 2192 evaserit3
1902 2143 1981 2179 istae
1997 2157 2032 2179 e-

1274 2196 1348 2231 nim
1376 2194 1499 2230 literae
1520 2194 1623 2230 facile
1651 2203 1914 2230 commutantur
1931 2221 1939 2229 .
1967 2193 2033 2229 Vi·

1274 2247 1315 2282 de
1342 2245 1433 2281 infra
1459 2245 1599 2281 Differt.
1630 2246 1797 2281 XXXIII.
1824 2254 1863 2280 ae
1882 2245 1959 2291 orig.
1976 2257 2033 2279 vo-

1272 2311 1339 2332 cum
1365 2297 1512 2344 Linguae
1527 2297 1602 2331 Ital.
1630 2297 1753 2343 Atque
1780 2309 1822 2331 ex
1850 2295 1904 2331 his
1927 2296 2032 2331 intel-

1255 2348 1384 2397 ⁸ligas,
1413 2355 1615 2394 corruptum
1644 2347 1708 2382 esse
1736 2348 1853 2382 locum
1884 2346 2030 2382 Anasta-

1257 2398 1311 2444 {fii
1340 2397 1610 2433 Bibliothecarii
1645 2396 1747 2444 (five
1783 2397 1941 2446 quisquis
1969 2397 2032 2433 ille

1258 2449 1314 2484 'sit
1342 2449 1504 2497 Auctor)
1522 2448 1557 2484 in
1588 2448 1672 2483 Vita
1701 2449 1864 2497 Gregorii
1895 2450 1939 2483 ΙΙ.
1969 2450 2033 2483 Pa-

1275 2513 1336 2547 pae
1352 2526 1361 2534 .
1388 2500 1441 2535 lbi
1464 2499 1594 2548 legitur
1611 2499 1797 2534 Tiberium
1822 2512 2032 2548 cognomen-

427 2551 496 2600 piis
525 2551 724 2587 Civitatem
751 2552 911 2593 Per-ustam
935 2553 1053 2598 petiit,
1082 2553 1205 2600 ibique}
1254 2557 1310 2593 {to
1339 2550 1499 2588 Petasum
1517 2553 1716 2596 ‚Graecum
1743 2550 1947 2592 hominem,
1977 2549 2031 2584 in·

1872 2599 1978 2635 hiaffe
