2195 3032
1675 148 1742 182 Vl}

191 191 366 258 spofita
413 204 562 258 atque
612 191 830 260 pera&a;
872 193 1039 240 omnia
1081 192 1298 263 denique
1351 210 1453 244 non
1495 193 1604 246 tam'
1634 200 1805 249 Animi

196 264 269 315 tui
313 265 731 327 magnitudinem,
773 282 919 333 quam
963 267 1149 316 Mentis
1197 268 1322 318 bene
1364 271 1661 339 compositae
1704 275 1804 323 eie·-

198 340 410 404 gantiam
447 337 816 389 luculentissime
851 338 1105 394 testantia.
1145 341 1242 394 Sed
1280 358 1397 410 prae
1426 348 1614 395 ⁴ceteris
1657 345 1804 399 habet

199 414 431 475 Polonia,
470 412 605 482 quod
646 414 697 462 in
739 428 789 464 te
832 417 1067 474 mitetur,
1116 433 1269 467 raram
1315 418 1554 470 videlicet
1592 421 1802 487 Sapien-

194 491 341 547 tiam,
381 505 478 558 qua
522 503 574 538 te
618 489 805 556 ipsum,
848 487 1159 559 Populosque
1197 490 1289 541 tibi
1334 510 1361 542 a
1396 494 1513 544 Deo
1553 496 1768 545 creditos
1792 534 1805 556 ‚

191 567 346 632 regis,
381 564 531 629 Cujus
564 563 767 631 quidem
799 566 992 614 virtutis
1028 581 1306 633 quanquam
1343 568 1631 635 quotidiana
1662 585 1805 638 prae-

194 643 306 693 beas
348 636 609 705 exempla‚
651 640 826 700 mitum
869 653 1034 688 tamen
1079 638 1375 689 inmodum
1422 640 1601 693 iliustre
1647 644 1805 711 speci·

196 732 310 766 men
359 712 529 765 dedisti
573 715 623 762 in
667 713 924 781 postremis
967 712 1194 764 Comitiis
1236 713 1591 765 pacificationis
1637 717 1805 783 Regni

196 791 299 841 tui.
348 787 420 840 lbi
472 785 622 837 ardua
664 787 807 855 supra
852 787 1056 838 modum
1099 788 1303 852 negotia
1349 788 1691 853 agitabantur:
1738 793 1807 842 ibi

194 865 368 916 luxatis
425 861 749 930 Reipublicae
802 862 1026 913 membris
1081 876 1423 930 opportunum
1479 866 1807 932 quaerebatur

197 937 497 996 remedium,
531 936 611 986 sed
643 937 699 985 iis
736 934 1098 988 difficultatibus
1130 936 1403 987 identidem
1442 939 1536 990 sese
1568 942 1809 1006 objicien-

197 1013 354 1074 tibu5‚
395 1028 521 1080 quae
565 1014 700 1079 spem
745 1027 946 1061 omnem
987 1010 1400 1074 redintegrandae
1450 1013 1610 1064 saiutis
1654 1030 1806 1085 atque

197 1087 498 1140 concordiae
540 1088 733 1156 eripere
768 1085 1074 1137 viderentur.
1118 1086 1294 1135 Acium
1334 1101 1439 1137 erat
1483 1088 1545 1138 de
1581 1104 1680 1142 tam
1717 1109 1807 1143 ex·

200 1161 401 1214 cellenti
443 1161 598 1220 bon0,
634 1161 716 1211 nifi
750 1159 960 1210 sublimis
996 1173 1081 1209 tua
1116 1175 1251 1208 mens
1285 1161 1641 1216 interceffiffet.
1682 1163 1808 1216 Nui-

198 1239 270 1288 lus
309 1238 442 1288 enim
474 1251 575 1287 tam
610 1235 805 1300 grandis
842 1235 972 1284 obex
1007 1248 1274 1302 exoptatae
1312 1234 1370 1284 ab
1409 1237 1637 1288 omnibus
1670 1243 1808 1309 quie-

196 1313 235 1363 ti
271 1327 332 1362 eo
368 1326 596 1378 tempore
627 1311 875 1369 occurrit,
906 1325 1054 1376 quem
1084 1324 1186 1357 non
1215 1309 1350 1359 illico
1385 1315 1651 1364 removerit
1688 1332 1807 1365 con-

197 1386 410 1438 filiorum
446 1383 808 1434 foecundiffima
849 1382 1118 1435 Prudentia
1157 1382 1420 1447 Majestatis
1460 1400 1602 1435 tuae:
1642 1391 1709 1438 ita
1749 1406 1806 1439 uc

200 1459 503 1528 Sapientiam
538 1472 668 1507 tuam
702 1458 863 1506 mirati
899 1457 1010 1514 fint,
1046 1455 1289 1506 &adhuc
1325 1458 1564 1508 mirentur
1605 1462 1683 1510 vel
1717 1464 1803 1531 ipfi

195 1535 486 1585 Senatorum
522 1529 879 1598 sapientiffimi,
918 1530 1063 1596 eique
1107 1531 1189 1577 uni
1237 1544 1489 1597 acceptam
1532 1531 1806 1587 referentes

197 1622 387 1677 partam
427 1618 506 1656 tot
552 1604 797 1656 bonorum
835 1599 1176 1662 affluentiam,
1221 1618 1273 1654 te
1323 1604 1541 1657 laudibus
1593 1607 1803 1662 efferant

203 1698 451 1753 nunquam
487 1680 788 1730 interituris·

345 1754 590 1820 Ejusmodi
622 1770 742 1819 ergo
774 1752 1072 1806 invidentiae
1099 1752 1269 1814 dotes,
1302 1757 1648 1828 praeclaraque
1677 1759 1798 1809 Ani-0

199 1832 297 1890 mi,
327 1830 560 1898 simulque
592 1829 793 1881 Throni
831 1831 901 1881 tui
938 1843 1253 1888 ornamenta,
1283 1846 1339 1880 ea
1373 1831 1510 1889 sunt,
1548 1850 1639 1901 pet
1676 1849 1800 1902 quae

201 1923 303 1955 non
342 1904 447 1954 illos
481 1905 857 1964 tantummodo,
889 1904 974 1971 qui
1009 1903 1090 1953 sub
1127 1917 1179 1954 te
1215 1905 1447 1973 Principe
1485 1907 1697 1972 degunt,
1728 1905 1802 1956 fe-

197 1978 340 2039 lices,
375 1979 549 2047 tuique
585 1993 823 2030 amatores
854 1977 1028 2038 efficis,
1059 1977 1143 2028 sed
1176 1993 1461 2030 exterorum
1491 1998 1692 2050 quoque
1724 1998 1803 2032 ve⁶

198 2054 510 2104 nerationem
552 2052 859 2123 studiumque
885 2069 999 2118 erga
1032 2052 1332 2118 Majestatem
1362 2068 1497 2105 tuam
1536 2056 1717 2106 allicis,
1762 2057 1805 2108 Ξ-

199 2141 350 2196 taque
390 2127 476 2178 diu
510 2128 602 2187 est,
636 2128 772 2196 quod
813 2144 907 2193 ego
947 2143 1146 2197 captum
1186 2145 1263 2179 me
1298 2130 1415 2182 senfi
1453 2128 1717 2198 splendore
1753 2133 1800 2181 &a

197 2199 327 2253 fama
362 2216 553 2252 tuarum
593 2203 879 2262 Virtutum,
914 2203 1099 2274 diuque
1132 2203 1281 2253 etiam
1317 2203 1668 2273 circumspexi,
1702 2222 1802 2275 quo

200 2291 524 2328 monumento
560 2277 719 2328 testari
768 2277 898 2348 apud
940 2279 1215 2347 praesentes
1254 2281 1300 2328 &
1338 2278 1555 2348 posteros
1591 2281 1806 2349 postem,

200 2365 386 2419 quanta
431 2352 485 2403 fit
529 2354 624 2403 mei
674 2367 790 2418 erga
831 2368 883 2404 te
927 2354 1297 2406 sublimissimum
1342 2355 1535 2419 Regem
1582 2355 1800 2428 obsequii

193 2428 477 2494 perennitas
510 2431 557 2480 &
590 2428 928 2498 promritudo.
965 2428 1252 2480 Accedebat
1286 2433 1434 2482 etiam
1468 2433 1592 2481 affita
1621 2433 1698 2484 illa
1732 2438 1804 2487 in-

1679 2518 1740 2551 ter
