2195 3032
229 219 308 275 381
549 213 1060 260 DISSERTATIO
1129 216 1389 260 SEXTA.
1643 224 1725 273 582

165 276 302 322 eiusdem
328 275 517 318 Monasterii
533 301 543 318 ‚
578 287 645 308 cum
674 273 743 320 ipsa
769 274 858 320 petia
884 275 922 307 de
960 279 992 312 A
1021 286 1067 309 ter
1096 275 1197 318 fuerit
1232 276 1458 321 adfirmatum,
1496 279 1563 311 Deo
1597 278 1782 323 offerimus,

165 337 248 362 terra
264 356 273 371 ,
300 341 378 375 quae
398 326 539 373 superius
563 325 768 358 denomrnata
793 324 834 366 esl
850 352 859 369 ,
888 338 917 358 u-

164 378 198 413 bi
222 378 290 423 jam
316 377 403 412 diHa
428 375 570 411 Basilica
595 375 638 415 el}
664 376 831 418 dedicata,
861 386 921 410 ter-

164 429 244 463 tiam
266 439 388 475 partem
413 426 550 472 ejusdem
574 427 733 461 Civitatis
753 426 921 473 segusiae,

157 479 230 522 five
255 480 294 513 de
319 477 386 521 ejus
420 478 601 522 territorio,
639 488 758 523 excepto
793 478 831 511 de
858 480 914 511 Ca>

157 530 248 573 stro,
283 529 364 575 quod
400 527 485 571 infra
511 529 650 564 eamdem
677 528 854 563 Civitatem
880 528 922 569 est

160 579 314 626 positum,
336 578 392 623 fieu
411 579 537 614 tertiam
561 591 683 627 partem
702 581 741 614 de
760 590 826 614 tota
847 581 919 614 Val-

163 631 193 664 le
217 629 370 676 Segusia,
405 642 483 677 quae
513 631 600 677 juris
634 631 676 673 est
703 630 819 675 noslri,
856 642 922 665 tarn

163 681 197 715 in
225 680 381 715 montibus
406 683 500 727 quam
528 682 561 716 in
586 682 808 728 planiciebus,
838 681 922 721 sicut

1021 335 1056 358 ut
1077 327 1224 372 sequente
1249 341 1281 360 eo
1307 328 1443 362 habeant
1468 327 1625 361 Monachi
1644 327 1784 374 ejusdem

1021 376 1212 417 Monosterii
1232 379 1276 411 ad
1301 391 1406 412 eorum·
1428 378 1515 422 usum
1537 378 1582 411 &⁵
1599 378 1784 425 sumptum,

1022 427 1065 460 (9⁶
1083 425 1224 470 firmiter
1246 429 1420 475 poffideant
1430 442 1450 471 ‚·
1481 429 1621 463 &Pars
1646 429 1784 473 eiusdem

1020 477 1211 519 Monaslerii
1228 506 1237 523 ,
1265 479 1422 526 quidquid
1446 479 1607 523 voluerit,
1633 480 1759 523 faciat.

1069 530 1142 563 Ideo
1162 529 1365 575 judicamus,
1392 529 1435 564 (θ’
1452 528 1595 574 firmiter
1612 529 1783 575 jubemus,

1020 590 1056 614 ut
1075 581 1162 614 nullo
1182 582 1271 615 modo
1289 591 1415 615 maneat
1433 580 1533 627 ipsum
1553 581 1784 622 Monaslerium

1019 631 1052 664 in
1080 631 1230 678 regimine
1257 632 1356 665 ullius
1376 631 1545 678 Episcopi,
1571 631 1626 665 vel
1650 632 1783 666 alterius

1020 682 1209 724 Monasterii
1221 709 1230 726 ,
1256 696 1308 716 nec
1326 683 1464 716 ullarum
1480 681 1681 728 personarum
1694 709 1703 725 ,
1725 692 1782 717 aut

161 731 310 766 detinent
333 741 449 765 montes
465 759 476 776 ,
512 733 568 779 qui
593 733 699 767 vocati
718 733 798 777 sunt
823 736 914 767 Gene*
955 735 988 770 Β
1015 743 1073 779 per
1097 739 1213 767 donum
1240 733 1465 780 Imperatoris,
1487 733 1542 766 vel
1568 733 1691 779 Regis,
1730 741 1784 766 nec:

163 781 227 826 vi,
255 781 300 815 (9⁶
324 781 454 825 Cinist,
482 783 576 830 usque
603 784 636 818 in
663 783 853 818 territorium
880 783 924 816 &

154 831 258 878 finem
283 833 322 866 de
349 831 458 877 Villa,
485 846 566 879 quae
590 846 718 869 vocatur
747 837 856 882 Vaga.
883 836 921 868 In

162 883 237 917 locis.
263 884 310 917 (Ὺ
336 883 450 927 fundis
475 887 628 929 sexana,
667 885 760 926 Ulci,
798 886 920 919 Bardo-

163 933 273 978 nesca,
298 935 379 969 Sala
398 936 534 970 Bertani
551 937 665 980 exitio,
693 937 809 983 Capud
827 939 923 970 Mon-

162 984 206 1018 tis
232 985 402 1029 Galionis,
430 988 632 1030 Medianae,
660 990 833 1034 IWatrngo,
861 990 921 1021 Fo-

164 1035 262 1079 resto,
288 1037 458 1079 Bozoleto,
485 1038 601 1072 Sanb‘lo
623 1038 775 1082 Georgia,
803 1037 923 1082 Canus-

156 1085 219 1130 so,
247 1086 412 1129 Brusiolo,
441 1089 612 1132 Burbono,
642 1089 762 1123 Villare
789 1088 920 1123 Fulcar-

162 1136 218 1179 di,
247 1136 294 1170 ἔθ’
316 1137 353 1170 in
376 1137 497 1172 saneta
522 1139 687 1186 Agatha:
716 1152 784 1173 cum
809 1139 921 1181 Cafis,

1019 783 1118 817 ullius
1149 783 1316 830 personae,
1347 784 1406 829 sed
1433 783 1554 830 semper
1581 782 1630 824 stt
1657 784 1691 817 in
1718 782 1784 817 Dei

1018 835 1238 881 omnipotentis
1260 836 1466 881 potestatem,
1498 848 1587 881 quem
1613 835 1652 867 de
1679 835 1782 868 eodem

1013 884 1154 928 facimus*
1175 888 1335 928 heredem,
1361 886 1404 919 (J
1424 885 1497 931 jam
1519 884 1623 919 dictae
1644 883 1782 918 Simftae

1016 936 1215 977 Trinitatis,
1241 936 1435 981 Sanffaeque
1461 935 1604 980 Virginis
1628 934 1781 977 Mariae,

1011 985 1089 1026 sive·
1118 985 1231 1020 Sanffi
1260 986 1433 1020 Michaelis
1468 985 1694 1030 Archangeli,
1725 984 1784 1029 fleu

1016 1035 1206 1069 Sanfforum·
1237 1035 1326 1070 Petri
1363 1036 1406 1069 (θ’
1437 1037 1535 1069 Pauli
1562 1034 1782 1081 Apostolorum

1017 1086 1199 1133 Principis,
1220 1097 1315 1133 atque
1332 1085 1519 1121 Sannorum
1530 1085 1693 1130 johannis
1714 1089 1782 1120 Ba.

1014 1137 1156 1183 ptistae„
1180 1137 1223 1171 (9⁴
1250 1138 1323 1171 item
1338 1140 1368 1181 J
1371 1137 1504 1171 ohannis
1528 1137 1780 1182 Evangelistae,

163 1186 326 1233 Capeltis‚
354 1188 567 1237 universisque
593 1191 703 1233 rebus,
740 1189 853 1235 eisdem
879 1191 923 1224 lo·
955 1197 1001 1232 C:
1018 1202 1071 1222 nec
1097 1202 1158 1222 non
1186 1188 1231 1221 &⁵
1254 1187 1367 1223 SanHi
1383 1191 1413 1232 J
1417 1188 1476 1229 usti
1505 1187 1661 1222 Martiris
1687 1187 1781 1222 Chri-

163 1238 207 1271 cis
242 1237 286 1271 (9¹
320 1239 488 1273 territoriis
519 1241 772 1287 pertinentibus.
806 1244 868 1275 Seu
894 1254 923 1275 e-

162 1288 243 1322 tiam
278 1289 468 1324 concedimus
502 1301 599 1338 atque
629 1293 782 1326 donamus
818 1294 926 1326 Cortes

162 1340 242 1373 duas
269 1338 434 1385 integras,
455 1340 527 1380 five
554 1355 663 1375 earum*
693 1342 926 1388 pertinentias,

163 1402 242 1436 quae
267 1389 395 1431 fflmest
423 1391 466 1424 (9¹
492 1392 648 1427 Rubiana
666 1392 747 1437 sunt
771 1403 900 1427 vocatas
915 1422 925 1437 ,

164 1442 239 1473 item
258 1438 346 1485 juris
373 1441 492 1483 nostri.
523 1442 653 1489 Insuper
678 1443 774 1478 etiam
801 1447 925 1478 Cortem

163 1490 285 1533 aliam,
314 1490 358 1524 (9⁰
385 1491 455 1537 ejus
475 1493 694 1540 pertinentia,
723 1506 803 1540 quae
831 1495 922 1542 Vigo-

162 1542 241 1574 done
274 1540 317 1583 est
351 1555 531 1591 nuncupata
544 1558 566 1587 ‚⁴⁷
599 1555 693 1592 atque
727 1544 925 1580 medietatem

162 1592 202 1625 de
227 1594 321 1626 Corte
345 1594 474 1638 altera,
513 1596 556 1629 (9³
589 1596 630 1629 de
663 1594 732 1639 ejus
762 1595 922 1642 pertinen-

1011 1238 1080 1282 sti,
1098 1238 1171 1280 sive
1194 1240 1331 1273 omnium
1353 1238 1560 1281 Sanfilorum,
1587 1238 1630 1271 (9²
1650 1237 1781 1285 sequen-

1019 1290 1104 1324 tibus
1131 1289 1203 1333 eis,
1226 1289 1273 1331 sit
1300 1290 1507 1333 ordinatum,
1528 1289 1612 1330 fictir·
1636 1288 1684 1323 hic
1704 1289 1782 1334 sub-

1016 1350 1062 1374 ter
1082 1339 1183 1384 suerit
1208 1341 1422 1383 declaratum,
1451 1340 1549 1384 idest,
1576 1350 1612 1374 ut
1637 1340 1781 1387 quandiu

1018 1391 1137 1435 omnis,
1164 1391 1220 1425 vel
1245 1404 1326 1425 unus
1351 1405 1387 1425 ex
1414 1392 1501 1425 nobis
1528 1391 1561 1425 in
1588 1391 1641 1425 hoc
1667 1393 1780 1425 Saecu-

1017 1443 1047 1475 lo
1076 1441 1178 1485 fuerit
1212 1442 1307 1486 vita,
1338 1442 1383 1483 fit
1411 1443 1448 1476 in
1481 1442 1604 1486 nostra,
1633 1441 1782 1488 fiequente

1019 1495 1086 1527 Deo
1112 1493 1156 1526 (9⁶
1187 1492 1345 1540 praefatis
1371 1492 1501 1527 Sanolis
1535 1492 1626 1537 ejus,
1655 1492 1783 1540 regimi-

1019 1557 1085 1578 na.
1120 1544 1195 1584 Poft
1219 1546 1292 1577 verb
1319 1544 1456 1578 omniurn
1492 1543 1659 1586 nostrorum
1684 1542 1783 1587 deces-

1012 1594 1106 1639 sum,
1126 1593 1159 1635 fi
1176 1593 1272 1638 filius
1302 1595 1491 1639 masculinus
1517 1609 1553 1628 ex
1580 1594 1678 1636 nostro
1714 1606 1784 1628 con-

162 1641 242 1686 tiis,
269 1655 327 1700 que
355 1645 504 1679 Volveria
530 1646 572 1687 est
597 1662 617 1681 a
637 1647 781 1694 pellata,
802 1646 921 1688 simili.
959 1661 992 1694 D
1016 1644 1106 1691 jugia
1129 1656 1231 1678 eorum
1247 1644 1347 1690 supra
1364 1644 1493 1691 jugales
1511 1645 1611 1687 fuerit
1635 1643 1783 1687 relibius,

162 1703 210 1727 ter
232 1693 318 1739 juris
344 1694 440 1736 nostri
453 1709 468 1729 .·
503 1696 607 1731 onmia
624 1724 634 1740 ,
671 1710 749 1744 quae
777 1697 926 1745 superius

163 1743 311 1779 habemus
347 1746 570 1790 denominata,
605 1747 689 1788 ficut
728 1749 925 1782 continentur

166 1795 200 1829 in
221 1794 432 1839 sediminibus
458 1797 501 1831 θ’
528 1798 561 1831 in
587 1799 720 1842 vineis,
752 1813 819 1833 cum
844 1801 926 1834 areis

158 1844 314 1891 suarum,
340 1847 431 1882 terris
448 1848 644 1892 arabilibus,
669 1850 832 1896 Capellis,
849 1860 922 1896 pra-

166 1895 230 1940 tis,
270 1897 399 1943 gerbis,
436 1898 583 1946 pascuis,
617 1899 718 1941 silvis
755 1900 926 1946 majoribus

166 1960 203 1981 ac
225 1946 417 1993 minoribus,
445 1963 512 1984 cum
530 1950 612 1985 areis
631 1950 784 1995 suarum,
811 1952 925 1985 molen*-

165 1997 276 2042 ainis,
300 1999 546 2045 piscatiom'bus,
574 2001 720 2048 alpibus,
749 2001 848 2048 ripis,
877 2014 925 2036 ru·

164 2048 276 2095 pinis,
303 2063 340 2084 ac
362 2051 561 2097 paludibus,
587 2052 680 2086 cultis
707 2052 752 2085 (9·
777 2052 925 2097 incultis,

166 2099 283 2141 divisis
310 2101 355 2134 (9⁴
381 2101 557 2146 indivisis,
593 2116 660 2138 una
692 2116 760 2137 cum
794 2103 925 2148 acceffio-

1012 1695 1059 1736 fit
1090 1705 1234 1729 manente
1269 1705 1344 1728 nato
1373 1695 1479 1741 gratis
1512 1695 1655 1729 dandum
1685 1694 1785 1741 ipsum

1022 1746 1294 1788 ordinamentum,
1321 1745 1375 1779 hoc
1410 1745 1455 1787 est
1477 1746 1640 1780 Abbatem
1676 1744 1785 1787 consti·

1023 1797 1195 1839 tuendum,
1223 1796 1266 1829 (9⁴
1296 1795 1364 1842 post
1396 1796 1529 1842 priorem
1565 1796 1599 1829 in
1625 1796 1784 1840 secundo,

1023 1848 1066 1881 (Ὺ
1090 1847 1157 1894 post
1175 1846 1344 1891 secundum
1371 1846 1404 1880 in
1431 1846 1544 1889 tertio,
1569 1846 1613 1879 &⁴
1631 1844 1678 1886 fic
1705 1857 1785 1879 unus

1019 1897 1087 1945 post
1120 1897 1257 1932 alterum*
1290 1897 1419 1944 recipiat
1453 1896 1554 1944 ipsum
1588 1896 1785 1931 ordinamen-

1024 1960 1090 1983 tum
1106 1974 1115 1983 .
1151 1947 1190 1982 Si
1214 1950 1288 1982 vero
1313 1947 1473 1991 defuerint
1490 1946 1564 1992 filii
1590 1946 1786 1990 mafitulini,·

1026 2000 1068 2033 (θ’
1095 2008 1236 2046 nepotes,
1263 1999 1318 2033 vel
1339 2009 1520 2046 pronepotes
1541 1997 1692 2038 similiter
1718 2011 1785 2031 ma-

1018 2049 1136 2095 sculini
1161 2048 1263 2084 relifii
1283 2049 1405 2093 fuerint
1431 2063 1467 2083 ex
1493 2048 1590 2091 nostro
1617 2061 1716 2082 eorum
1730 2047 1786 2092 su·

1022 2112 1083 2147 pra
1097 2099 1260 2147 jugalium
1283 2100 1426 2146 conjugio
1439 2127 1448 2143 ‚
1462 2099 1544 2141 ficut
1562 2100 1600 2133 de
1618 2098 1705 2143 filiis
1717 2098 1786 2140 sta.

168 2150 282 2195 nibus,
311 2151 369 2196 seu
387 2151 534 2197 finibus,
563 2153 772 2197 terminibus,
797 2154 842 2187 (9⁰
865 2153 924 2195 ufi-
966 2134 994 2168 E
1025 2162 1129 2185 tutum
1153 2151 1320 2193 habemus,
1346 2151 1393 2185 ita
1421 2151 1464 2185 (9⁴
1488 2150 1606 2194 hisdem
1633 2149 1725 2196 usque
1751 2149 1785 2182 in

168 2202 225 2235 hus
245 2216 421 2249 aquarum,
439 2216 651 2251 aquarumque
666 2203 860 2246 decursibus.
881 2207 931 2239 Et
1025 2202 1170 2249 quintum
1190 2202 1369 2249 geniculum
1393 2201 1594 2244 ordinamus,
1616 2210 1654 2234 ut
1669 2200 1787 2247 semper

169 2251 212 2292 est
237 2252 307 2298 ipsa
339 2267 387 2288 res
415 2254 510 2302 super
535 2265 635 2289 totum
665 2266 725 2302 per
758 2255 933 2300 mensuram
1022 2254 1078 2300 qui
1103 2251 1205 2298 major
1227 2252 1326 2296 fuerit
1352 2266 1388 2286 ex
1424 2252 1571 2295 natione,
1598 2252 1712 2285 habeat
1739 2251 1786 2297 ip-

165 2300 285 2347 justam
314 2303 432 2351 jugera
466 2305 643 2352 quindecim
678 2306 797 2349 milia,
836 2307 879 2340 (θ’
899 2305 933 2347 st
1016 2304 1090 2349 sam
1114 2304 1362 2338 ordinationem.
1392 2304 1486 2349 ⁸Quod
1505 2302 1538 2343 fi
1564 2301 1720 2346 defuerint
1739 2299 1786 2345 fi-

167 2363 280 2398 parurn
298 2355 353 2387 vel
372 2356 541 2391 maximum
559 2357 677 2401 hisdem
697 2357 846 2404 partibus
862 2368 929 2404 per·
1022 2355 1062 2387 lii
1089 2353 1276 2398 masculini,
1293 2353 1366 2395 sive
1394 2364 1515 2401 nepotes
1543 2353 1586 2386 (9·
1609 2362 1786 2399 pronepotes

172 2403 347 2437 tinentibus
374 2405 539 2441 inventum
558 2407 682 2452 suerit,
709 2410 806 2455 quam
828 2418 863 2441 ut
877 2407 930 2452 su-
1023 2404 1159 2449 ejusdem
1189 2404 1303 2448 sexus,
1334 2415 1406 2439 tunc
1428 2403 1633 2450 judicamus,
1658 2413 1696 2437 uc
1729 2415 1784 2437 ve-

168 2464 229 2501 pra
256 2454 399 2496 mensura
423 2458 538 2503 legitur
554 2485 564 2501 ,
602 2459 636 2492 in
663 2458 750 2502 usum
781 2459 824 2492 (θ’
852 2457 929 2497 sum·
1023 2455 1093 2490 niat
1120 2456 1163 2489 (9'
1183 2454 1229 2496 sit
1256 2455 1292 2489 in
1309 2454 1459 2499 filiarum
1486 2453 1656 2496 nostrarum
1684 2466 1785 2488 eorum

167 2515 257 2551 ptum
282 2506 442 2551 praedifli
468 2509 620 2543 Monachi
647 2509 782 2554 ejusdem
810 2511 926 2542 Mona·
1015 2506 1116 2552 supra
1138 2505 1322 2552 jugalium,
1351 2506 1394 2540 &⁴
1420 2507 1453 2540 in
1480 2506 1591 2540 liberos
1618 2504 1783 2548 masculini

164 2555 254 2597 flerii
281 2556 422 2592 ordinati
442 2557 488 2598 sit
514 2557 697 2604 concessum,
728 2560 772 2593 (θ’
793 2570 850 2605 per
874 2559 927 2593 hoc
1000 2554 1125 2595 learum
1150 2556 1300 2603 potestate
1323 2558 1428 2591 dando
1450 2556 1627 2603 praefatum
1654 2554 1782 2588 ordina·

171 2607 400 2649 Testamentum
424 2609 458 2645 in
490 2622 522 2644 eo
553 2611 661 2656 modo,
682 2609 766 2654 sicut
789 2610 838 2647 hic
854 2610 948 2656 sub-1
1000 2615 1174 2655 lmentum,
1202 2621 1261 2641 non
1288 2609 1332 2644 ad
1356 2621 1457 2644 omnes
1480 2606 1679 2655 aequaliter,-
1698 2604 1780 2649 sem-

1075 2660 1121 2695 :O
1148 2672 1169 2695 ο
1224 2670 1244 2695 2.
1674 2666 1731 2703 per
