2195 3032
462 209 549 263 ⁶87
706 203 1147 262 ANTLQWT,
1208 202 1462 249 MEDJJ
1515 206 1712 270 Αενι
1766 268 1770 272 ⁴
1869 212 1952 255 σεε

402 324 595 367 Placitum
611 322 654 365 in
673 324 809 366 Castro
827 322 947 381 Carpi
959 337 1099 374 coram
1117 323 1325 377 Teudaldo
1343 325 1578 370 Marchione
1597 329 1634 369 8<
1652 326 1818 370 Comite
1835 328 2020 385 Regienfi

507 382 687 424 habitum
704 414 716 435 ‚
746 383 788 425 in
821 386 901 439 quo
932 384 1047 425 Berta
1081 383 1278 427 Abbatiffa
1311 385 1542 427 Monasterii
1573 387 1752 429 Brixiani
1785 388 1916 430 Sanffi

579 441 795 484 Salvatoris
815 444 851 483 &
872 442 1032 484 SanStae
1051 441 1179 497 Juliae
1201 442 1350 486 evincit
1368 444 1556 499 quosdam
1576 460 1687 501 agros
1704 460 1839 490 contra

710 499 963 555 Farfimhm,
992 515 1092 558 quae
1124 504 1162 542 δε
1186 504 1335 559 Rem,
1366 502 1490 545 filiam
1522 506 1721 560 quondam

948 559 1138 616 Bruningi
1152 591 1165 615 ‚
1195 563 1318 604 Anno
1354 577 1477 604 1001·

510 676 568 708 Um
595 672 628 707 in
653 673 722 709 Dei
748 673 892 718 nomine,
917 672 1079 708 Comitatu
1103 675 1166 706 Re·
1195 673 1241 707 A‘

523 723 616 770 gense
636 723 722 767 infra
741 724 871 768 Castra,
891 725 972 760 locus
984 751 994 768 ‚
1015 723 1071 770 qui
1088 725 1165 757 Car-

406 784 447 820 po
481 775 620 818 dicitur,
656 776 738 820 quod
763 774 967 810 Teudaldus
1003 772 1168 809 Marchio

409 825 443 859 &
474 825 603 860 Comes
639 823 735 860 istius
774 824 935 873 Regenfis
966 823 1169 860 Comitatus

408 874 549 919 detinet,
577 875 611 909 in
638 878 776 922 quadam
803 875 960 917 mansione
985 874 1082 921 ipsius
1108 877 1169 909 Ca*

402 925 486 968 stri,
514 925 568 960 uhi
595 926 658 972 ipse
685 927 718 960 in
743 926 863 971 judicio
891 925 1064 969 residebat,
1101 924 1170 959 uni-

411 975 518 1023 cuique
551 975 695 1021 justicias
725 976 892 1020 faciendas
917 977 960 1012 (θ’
995 977 1170 1021 deliberan-

410 1027 492 1070 das,
529 1025 643 1071 adeffet
677 1027 724 1062 ibi
759 1041 827 1062 cum
856 1040 888 1060 eo
915 1028 1014 1062 Tuto
1042 1027 1171 1062 Comes

410 1075 529 1120 IWiffus
564 1078 683 1111 Domni
710 1077 820 1113 Ottom'
847 1078 1068 1124 Imperatoris,
1107 1078 1171 1111 Bo-

410 1126 566 1162 nefacius
602 1126 680 1162 filio
718 1127 832 1162 eidem
864 1127 1039 1165 Teudaldi
1077 1130 1168 1162 Mar-

411 1177 515 1220 chio,
540 1177 699 1221 stabilis,
726 1176 898 1220 Interius,
926 1180 1061 1221 Petrus,
1087 1181 1171 1212 Nou-

411 1242 470 1273 ςο,
499 1231 626 1273 Τεικο,
648 1228 783 1272 judices
812 1227 897 1272 sacri
925 1228 1072 1272 Palatii,
1102 1232 1172 1262 Ra-

407 1279 581 1326 gimundzaes
611 1278 686 1322 filio
721 1280 877 1325 quondam
904 1278 1091 1323 Giselberti‚
1120 1278 1170 1312 51¹-

406 1330 553 1377 gefredus
578 1331 617 1364 de
644 1329 816 1363 Leviciano
832 1356 842 1373 ‚
875 1332 941 1376 Ugo
966 1329 1005 1362 de
1031 1330 1172 1362 Modele-

411 1395 453 1415 na
469 1407 479 1424 ‚
507 1381 598 1415 Dodo
623 1383 662 1414 de
688 1380 850 1414 Comitatu
876 1379 1052 1423 Aucensts,
1080 1381 1169 1414 Ade-

411 1434 515 1466 bertus
540 1432 579 1467 de
605 1434 732 1478 (ἴω-ἕο,
761 1434 888 1476 Temo,
923 1430 965 1464 (9⁸
993 1431 1172 1464 Elinara'us

410 1484 449 1517 de
477 1482 640 1517 Comitum
675 1481 879 1524 Parmensis,
916 1481 1102 1515 Ricbelmus
1135 1482 1172 1514 dc

411 1533 572 1568 Comitum
599 1532 756 1578 Brisiense
772 1559 782 1577 ,
820 1532 971 1568 Wilimus
1006 1533 1044 1566 de
1070 1532 1168 1565 Comi-

411 1595 481 1619 tatu
508 1584 738 1631 Bergomense‚
766 1584 809 1617 (9¹
836 1582 949 1629 reliqui
971 1583 1105 1629 plures:
1141 1585 1170 1617 I-

412 1636 503 1682 bique
538 1648 640 1670 eorum
675 1633 806 1668 veniens
837 1633 996 1680 presentia
1031 1635 1171 1668 Domna

413 1688 515 1721 Berta
552 1684 735 1720 Abbatiffa
772 1683 987 1719 Monasterio
1023 1683 1172 1718 Domini

414 1735 606 1772 salvatoris
634 1736 668 1771 8<
706 1734 829 1770 Sancte
859 1733 974 1778 Julie,
1010 1746 1067 1781 que
1095 1734 1171 1769 dici-

414 1799 466 1821 tur
491 1790 606 1829 Novo,
626 1785 710 1826 fitus
736 1784 828 1821 infra
856 1783 1017 1821 Civitate
1045 1783 1174 1828 Brifia‚

413 1851 478 1873 una
505 1837 605 1879 simul
635 1849 702 1871 cum
728 1836 929 1871 adrevertus
956 1834 1054 1879 filius
1080 1848 1174 1882 quon.

413 1890 488 1923 dam
514 1887 605 1924 Petri
630 1888 669 1921 de
695 1887 777 1930 loco,
805 1887 860 1932 qui
886 1885 1003 1920 dicitur
1029 1886 1176 1921 Miliari-

414 1952 456 1974 na
472 1967 482 1984 ,
510 1938 554 1972 &¹
580 1937 621 1980 est
647 1937 743 1984 ipsius
770 1936 961 1979 Monasterio
986 1940 1175 1980 Avocatus,

415 1990 458 2024 (J
494 1989 697 2024 retulerunt:
734 2014 758 2032 „
786 1987 944 2022 Abemus
981 1987 1015 2022 8<
1044 1987 1176 2023 detine-

417 2068 441 2086 „
469 2053 545 2076 mus
574 2038 615 2074 ad
654 2038 726 2086 jure
753 2039 786 2073 8<
823 2037 1036 2087 proprietate
1072 2037 1175 2086 ipfius

418 2118 442 2137 „
469 2089 675 2128 Monesterii
704 2088 798 2137 petia
821 2102 889 2124 una
913 2088 955 2124 de
980 2097 1070 2124 terra
1096 2101 1174 2124 cum

418 2170 442 2187 „
468 2143 507 2179 in
535 2148 631 2191 parte
659 2139 756 2176 Silva
783 2138 882 2188 supra
908 2138 963 2183 se,
991 2140 1024 2174 8<
1053 2152 1174 2175 runco-

419 2220 443 2237 „
469 2207 523 2231 ras
552 2191 584 2227 se
621 2190 720 2226 fimul
749 2198 890 2226 tenente
908 2216 919 2233 ,
955 2190 1082 2238 quibus
1112 2190 1176 2226 effe

420 2270 443 2287 „
468 2243 636 2280 videntur
662 2241 701 2278 in
732 2241 813 2277 loco
839 2241 873 2276 8<
901 2239 1009 2276 fundo
1039 2243 1176 2276 Runco-

420 2322 443 2341 ‚‚
471 2296 528 2339 io,
565 2306 635 2330 non
666 2293 820 2329 multum
856 2292 960 2340 longe
988 2291 1006 2327 ὲ
1034 2291 1175 2336 Castro,

420 2373 443 2392 ‚‚
470 2346 504 2380 &
533 2343 687 2393 predista
715 2345 825 2380 Curte
852 2341 1062 2386 Miliarina,
1084 2343 1176 2391 quod

420 2423 444 2441 ‚,
471 2395 516 2431 est
544 2394 640 2443 pecia
667 2393 740 2443 ipsa
767 2393 809 2429 de
837 2402 928 2430 terra
957 2406 1037 2428 cum
1067 2393 1191 2439 predi-1

421 2474 445 2492 „
472 2445 528 2481 &a
555 2445 651 2480 Silva
677 2446 712 2480 &
742 2458 905 2480 runcoras
934 2457 993 2493 per
1020 2443 1195 2479 mensura'

1190 2002 1193 2052 Ι
1205 2030 1239 2063 D

1260 697 1284 715 ‚,
1312 672 1346 706 δε
1374 670 1471 707 Silva
1497 672 1646 721 predicti
1672 674 1901 720 Monasterii‚
1923 676 2019 724 quod

1259 749 1283 766 ,‚
1311 734 1374 757 nos
1401 730 1481 758 ante
1507 736 1546 758 os
1573 723 1645 759 dies
1668 726 1702 760 &
1731 726 1899 761 moderno
1927 736 2019 762 tem-

1261 799 1283 817 „
1313 786 1394 819 pore
1430 774 1449 808 ὲ
1487 782 1582 821 parte
1618 774 1720 822 ipsius
1747 775 1953 811 Monasterii
1982 789 2019 811 a-

1259 851 1283 867 „
1313 824 1430 859 bemus
1466 825 1500 859 8<
1537 824 1752 862 detinemus:
1784 826 1826 861 da
1862 826 2018 862 Meridie

1261 901 1284 919 ‚,
1312 883 1402 911 terra
1439 874 1625 919 Farlinde‚
1652 889 1718 924 que
1752 878 1786 912 ὃ(
1823 879 1947 921 Berta‚
1975 877 2021 912 fi-

1260 952 1283 969 „
1311 925 1360 960 lia
1387 925 1564 973 quondam
1585 927 1754 974 Bruningi
1769 956 1779 971 ,
1800 941 1866 975 que
1894 927 1938 962 est
1958 940 2019 975 per

1260 1002 1284 1019 ‚,
1312 976 1468 1011 mensura
1484 976 1580 1025 juges
1596 976 1796 1026 oEiuaginta
1814 979 1847 1013 &
1865 990 1993 1013 novem
2006 1005 2018 1022 ‚

1261 1052 1284 1071 ‚‚
1313 1036 1532 1075 percurrente
1570 1027 1764 1076 Fingadida
1799 1030 1832 1063 8:
1870 1028 2018 1073 fossato,

1260 1103 1283 1120 ‚,
1312 1077 1404 1124 quod
1434 1077 1590 1113 decernit
1616 1078 1709 1113 inter
1737 1078 1821 1115 fines
1850 1079 1890 1114 de
1912 1081 2021 1114 Cam-

1259 1153 1283 1170 „
1312 1127 1451 1176 paniola
1469 1155 1479 1171 ‚
1516 1129 1550 1163 δε
1589 1129 1742 1175 ρῑεόζίὅὶει
1771 1139 1859 1164 tert-a
1888 1131 1921 1164 δὲ
1951 1129 2018 1164 Sil-

1259 1203 1282 1221 „
1310 1191 1354 1212 va
1378 1178 1419 1213 de
1443 1178 1612 1213 Vinioio.
1639 1181 1686 1214 Et
1713 1179 1735 1214 sl
1763 1180 1932 1227 quislibet
1954 1179 2019 1214 ho-

1260 1253 1284 1271 „
1312 1240 1370 1262 mo
1391 1227 1550 1262 adversus
1577 1242 1639 1263 nos
1661 1229 1786 1265 exinde
1808 1230 1937 1277 aliquit
1965 1230 2018 1266 di-

1259 1303 1282 1320 „
1311 1290 1385 1312 cere
1423 1279 1526 1320 vuit,
1565 1279 1675 1326 parati
1713 1279 1827 1315 sumus
1865 1294 1942 1316 cum
1976 1294 2018 1316 eo

1258 1354 1281 1371 ‚,
1310 1327 1436 1363 exinde
1464 1328 1500 1362 in
1529 1329 1669 1363 racione
1697 1329 1875 1373 standum,
1908 1333 1941 1365 8<
1970 1333 2018 1367 le-

1240 1404 1281 1421 1„
1310 1378 1460 1427 giptime
1488 1377 1701 1414 finiendum.
1738 1382 1784 1415 Et
1812 1380 1904 1427 quod
1941 1382 2019 1429 plus

1259 1455 1282 1473 ‚,
1310 1428 1376 1473 est,
1404 1429 1582 1476 querimus
1611 1439 1648 1465 ut
1676 1430 1770 1465 dicat
1807 1431 1866 1466 ista
1905 1431 2021 1479 supra-

1261 1507 1284 1523 „
1313 1479 1406 1514 dista
1444 1480 1607 1515 Farlinda
1636 1494 1702 1516 una
1735 1494 1812 1516 cum
1854 1480 2021 1518 Ricardus

1239 1528 1283 1578 1„
1312 1532 1484 1566 Tutorem
1512 1530 1608 1566 suum
1627 1559 1636 1575 ‚
1662 1531 1723 1579 qui
1752 1545 1811 1580 per
1839 1531 2023 1581 juffionem

1259 1608 1282 1624 ‚,
1312 1580 1413 1622 ipsius
1450 1581 1652 1617 Marchioni
1686 1584 1803 1618 Tutor
1838 1582 1990 1620 efistebat
2011 1611 2023 1628 ,

1263 1659 1287 1675 „
1315 1632 1376 1679 qui
1398 1631 1455 1666 hic
1477 1632 1494 1666 ὲ
1517 1631 1649 1679 presens
1670 1632 1768 1676 sunt,
1791 1632 1812 1668 s1
1834 1634 1903 1679 jam
1927 1634 2023 1671 di6³c2

1264 1709 1286 1725 ,‚
1317 1682 1412 1729 pecia
1440 1682 1481 1717 de
1518 1692 1606 1717 terra
1634 1696 1712 1718 cum
1745 1684 1895 1731 prediEta
1926 1684 2022 1721 Silva

1265 1760 1288 1777 „
1318 1731 1415 1780 super
1441 1734 1585 1777 abente,
1613 1734 1645 1768 8<
1674 1747 1836 1769 runcoras
1862 1734 1893 1769 se
1921 1734 2023 1771 fimul

1265 1810 1288 1827 „
1316 1792 1478 1827 tenente,
1505 1784 1605 1819 nobis
1631 1793 1689 1819 aut
1715 1797 1789 1833 pars
1813 1784 1916 1832 ipfius
1940 1787 2025 1821 Μο-

1268 1862 1289 1879 „
1318 1834 1454 1870 nesterii
1483 1834 1719 1870 contradicere
1747 1835 1885 1882 querit,
1913 1846 1972 1871 aut
2000 1835 2024 1871 fi

1268 1911 1290 1929 ,‚
1319 1885 1458 1933 propria
1497 1884 1599 1933 ipsius
1642 1885 1843 1922 Monesterii
1885 1886 1929 1921 est
1963 1895 2025 1922 aut

1267 1962 1291 1979 „
1319 1936 1383 1971 effe
1405 1935 1506 1970 debet
1527 1949 1605 1971 cum
1628 1938 1744 1983 Lege,
1766 1950 1806 1972 an
1830 1936 1923 1972 non?
1944 1939 2025 1971 Cum

1268 1986 1335 2032 ipsa
1360 1989 1483 2022 Domna
1509 1990 1607 2020 Berta
1631 1986 1825 2032 Abbatiffa,
1851 1988 1893 2021 (9¹
1915 1991 2027 2023 Adre-

1267 2047 1375 2071 vertus
1402 2037 1469 2082 ejus
1497 2038 1539 2070 ὅ·
1567 2037 1662 2083 ipsius
1688 2038 1870 2080 Monesterii
1893 2042 2025 2073 Λυσιτα-

1268 2098 1318 2121 tus
1337 2088 1444 2122 taliter
1465 2087 1633 2133 retulisset,
1654 2089 1834 2135 respondens
1855 2089 1922 2135 ipsa
1941 2092 2025 2124 Fur-

1267 2139 1357 2174 linda
1392 2152 1458 2173 cum
1495 2140 1631 2173 eumdem
1668 2140 1847 2174 Richardus
1874 2140 2025 2175 Afiorem

1262 2189 1354 2234 suum
1377 2190 1524 2224 dixerunt
1550 2190 1592 2223 &
1615 2190 1736 2236 profeſji
1756 2191 1858 2234 sunt:
1883 2217 1906 2233 ‚‚
1932 2193 2024 2226 Vere

1269 2267 1292 2284 ‚,
1321 2240 1389 2287 jam
1416 2240 1509 2275 dieta
1536 2240 1634 2288 pccia
1658 2241 1698 2276 de
1726 2249 1815 2276 terra
1842 2253 1921 2276 cum
1949 2254 2025 2289 pre-

1271 2318 1292 2334 „
1321 2290 1414 2325 dicia
1443 2292 1538 2327 Silva
1577 2290 1675 2339 super
1702 2291 1845 2335 abente,
1882 2292 1916 2326 8<
1944 2305 2026 2327 run·

1269 2368 1293 2385 „
1322 2354 1417 2376 coras
1446 2341 1477 2376 se
1512 2340 1610 2377 fimul
1640 2350 1801 2386 tenente,
1830 2354 1933 2389 quam
1962 2353 2025 2376 vos

1269 2419 1292 2435 ,‚
1321 2390 1392 2440 ipsa
1430 2394 1569 2426 Domna
1601 2393 1702 2427 Berta
1738 2393 1771 2427 8<
1810 2392 2029 2430 Adrevertus

1269 2470 1292 2486 ‚,
1322 2452 1422 2484 tuus,
1450 2443 1482 2477 8<
1513 2441 1614 2490 ipsius
1644 2442 1857 2479 Monesterio
1885 2444 2028 2479 Avocaa

422 2524 445 2543 „
475 2495 556 2544 justa
586 2495 679 2543 juges
704 2495 858 2531 sexcenti
878 2493 1062 2531 undecim.
1090 2496 1179 2531 Coe·
1212 2489 1240 2520 E
1270 2521 1293 2538 ‚‚
1321 2502 1375 2528 tus
1395 2492 1453 2527 hic
1474 2492 1729 2535 denominatis,
1745 2492 1847 2529 vobis
1868 2507 1930 2529 nec
1949 2504 2025 2539 pars

424 2576 446 2594 ’5

474 2555 527 2583 ret
553 2546 586 2582 ei
615 2546 656 2580 de
684 2558 783 2581 mane
811 2546 845 2580 8<
873 2546 914 2581 de
945 2546 1062 2581 subtus
1090 2555 1201 2581 terra.

1251 2569 1292 2587 -,‚
1322 2543 1423 2592 ipsius
1460 2542 1664 2579 Monestez-ii
1701 2557 1772 2579 non
1817 2541 2029 2584 contradici&

1873 2605 1976 2641 mus,
