2195 3032
494 235 591 286 219,

797 220 1185 280 ANTIQUJT.
1234 221 1457 265 MEDII
1506 222 1677 266 ,ΑΕΗ

1896 245 1981 273 220

431 290 629 314 numenris.
657 281 709 314 Eo
735 280 879 316 nomine
905 280 1188 330 designabantur,
1206 282 1265 322 *A'
1283 282 1334 317 ita
1359 292 1397 317 ut
1421 281 1472 318 ibi
1497 282 1703 332 interpretes
1729 284 1946 322 caecutiant.
1971 288 2039 332 ΛΤ.

432 330 493 375 qui
522 342 592 364 non
620 332 755 365 tantum
785 331 823 365 in
850 330 987 368 familia
1015 333 1188 382 Principis

432 387 497 414 aut·
521 381 729 427 Magnatum
758 390 876 426 erant,
909 382 963 418 sed
992 398 1071 432 prae
1099 395 1187 422 eete-

432 429 481 463 ris
510 429 579 464 cari
608 430 641 463 8<
671 429 860 467 familiares
881 434 970 481 apud
998 435 1088 484 ipsos
1116 435 1186 472 fue·

431 492 493 522 re,
531 480 565 513 δ(
596 480 782 529 participes
811 483 1015 532 plerumque
1043 486 1186 523 secreto-

429 542 534 564 rum.
572 530 731 566 Delicatos
760 535 911 570 Romani
942 535 1032 572 olim
1068 536 1189 573 fortas-

430 578 471 614 fis
498 582 738 628 appellarunt,
767 585 828 631 qui
853 586 1003 628 Deliciofi
1029 588 1190 636 posterio-

429 630 462 665 ri
504 644 591 666 aevo
627 632 791 669 fuerunt.
834 637 1032 673 Contentio
1073 648 1188 674 autem

429 681 588 716 maxima
616 682 709 719 inter
735 685 902 721 Eruditos
927 687 992 732 est,
1020 689 1105 736 quid
1129 703 1189 725 no-

429 731 528 766 mine
556 733 720 768 Delicatus
751 737 902 772 Romani
932 737 1160 786 significarint
1178 768 1188 783 ‚

427 782 611 817 ,nonnullis
639 784 857 821 censentibus
875 815 885 830 ,
923 801 1045 835 pueros
1072 792 1187 825 exole-

427 840 506 875 tos,
536 833 569 867 8<
598 832 761 870 infandae
789 836 933 873 libidini
962 839 1121 884 deditos,
1149 854 1187 876 ea

429 894 518 917 voce
545 882 692 931 signari,
721 886 801 921 aliis
829 888 1085 936 turpitudinem
1114 904 1187 926 om·

428 945 510 967 nem
553 935 594 969 ab
636 948 677 970 eo
718 937 861 973 nomine
898 940 1187 977 excludentibus.

429 983 495 1018 Uti
533 984 675 1032 quidem
713 987 802 1023 mihi
839 989 1002 1034 videtur,
1039 991 1189 1027 minime

425 1032 646 1071 inhonestum
676 1050 803 1073 nomen
831 1053 873 1075 ex
902 1040 1123 1078 institutione
1150 1044 1183 1078 ὃς

426 1096 571 1121 munere
608 1085 701 1123 fuere
737 1090 909 1133 Delicati;
945 1091 1000 1128 sed
1037 1093 1131 1141 quod
1158 1093 1185 1129 ii

425 1136 609 1171 nonnullis
637 1147 735 1173 erant
771 1139 808 1175 in
846 1140 1010 1187 deliciis,
1050 1152 1185 1192 propte-

425 1197 483 1220 rea
525 1186 754 1236 suspicionem
797 1190 957 1228 criminis
997 1194 1188 1242 aliquando

425 1233 653 1283 ingerebant.
691 1241 896 1278 Plutarchus
933 1257 1009 1293 pag.
1036 1257 1122 1292 943.
1150 1245 1186 1280 in

423 1286 615 1323 Antonino
636 1288 719 1325 haec
740 1290 843 1327 habet
859 1305 867 1326 :
886 1301 920 1324 ‘0
946 1295 970 1325 δε
999 1300 1139 1335 samium
1166 1300 1188 1328 ἦ,

424 1339 470 1366 τᾶν
490 1341 623 1378 Καίσαρος
642 1342 762 1375 παιγνίων
782 1344 927 1382 παιδάριον,
947 1347 983 1373 τᾶὶ
1003 1347 1112 1375 Aahx&
1131 1350 1188 1372 ‘Pus

422 1393 498 1427 μαῖοι
520 1393 625 1419 nuntio-w
639 1407 648 1416 ·
672 1388 776 1422 Idest:
803 1393 988 1423 Sarmentus
1005 1394 1079 1423 verb
1099 1393 1185 1437 puel-

428 1437 515 1470 lulas
541 1448 608 1472 erat
646 1438 726 1472 inter
761 1440 897 1473 ludicros
922 1440 1087 1484 Caesaris,
1115 1453 1189 1488 quos

422 1488 566 1522 Romani
596 1490 828 1525 DELIC1AS
857 1490 1040 1537 appellant.
1078 1493 1185 1527 Nem-

424 1550 467 1585 pe
513 1539 691 1581 Romani,
733 1541 919 1587 Magnates
957 1540 1185 1589 praesertim,

424 1588 586 1635 puerulos
605 1589 692 1635 apud
715 1589 747 1623 se
767 1589 890 1625 habere
907 1590 1161 1627 consueverunt
1174 1621 1183 1636 ,

424 1637 560 1687 jocosos
586 1639 619 1673 8<
644 1638 809 1683 blandos,
833 1639 901 1675 five
924 1640 1068 1676 honoris
1093 1641 1185 1677 caus-

424 1688 480 1732 sa,
510 1687 577 1723 five
606 1698 644 1724 ut
670 1702 791 1725 eorum
819 1690 1000 1726 hilaritate
1026 1704 1064 1727 ac
1092 1692 1183 1728 ludis

424 1738 636 1774 moestitiam
674 1740 693 1774 ὲ
730 1739 762 1775 se
798 1742 1029 1783 repellerent.
1069 1742 1183 1779 Hosce

423 1789 567 1824 Delicias
587 1789 771 1834 dicebant,
793 1791 893 1827 hosce
913 1793 1090 1827 Delicatos.
1111 1795 1182 1827 Gri-

416 1840 543 1886 [ologus
566 1854 665 1874 annos
687 1851 750 1875 tres
771 1851 908 1877 tantum
935 1844 968 1877 ὃς
994 1843 1108 1888 menses
1133 1858 1182 1878 no-

422 1904 494 1924 vem
518 1899 640 1933 natus,
668 1900 772 1939 atque
798 1894 816 1927 ὲ
842 1892 938 1928 vivis
959 1903 1097 1940 raptus,
1119 1898 1180 1929 De-

422 1941 538 1974 licatus
562 1942 758 1990 appellatur
780 1943 815 1977 in
838 1943 1070 1992 Inscriptione
1094 1945 1180 1991 apud

423 1992 628 2028 Fabrett'um
657 1994 743 2040 Cap.
772 1995 817 2028 V.
848 2008 923 2042 pag.
953 1996 1037 2041 362.
1074 1997 1183 2030 Erant

423 2043 457 2078 &
488 2042 715 2085 mulieribus,
745 2044 946 2088 nobilibus,
971 2045 1023 2080 uti
1044 2046 1078 2080 &
1101 2046 1176 2081 Vir-

423 2092 566 2141 ginibus
591 2093 804 2138 Vestalibus,
830 2096 994 2130 Delicatae
1015 2095 1109 2131 suae.
1137 2099 1180 2131 E.

423 2146 605 2192 xemplum
634 2158 702 2179 non
732 2158 840 2180 unum
869 2146 949 2181 vide
977 2146 1065 2193 apud
1093 2149 1180 2183 Gru-

424 2202 538 2230 terum
566 2197 599 2230 &
629 2195 853 2231 Fabrettum.
888 2197 950 2231 Sed
977 2198 1011 2231 &
1040 2197 1183 2233 Sanfflus

423 2246 639 2294 Augustinus
675 2246 758 2282 Lib.
797 2247 838 2281 de
874 2247 997 2282 Gratia
1033 2249 1067 2282 8<
1099 2248 1180 2284 Lib.

424 2297 562 2332 Arbitr.
582 2300 669 2344 Cap.
693 2309 751 2332 21.
774 2296 815 2332 de
834 2297 972 2337 Esther.
996 2297 1181 2334 secundum

424 2347 616 2383 versionem
634 2353 679 2380 τῶν
696 2348 922 2396 Septuaginta
935 2378 945 2393 ,
966 2348 1107 2384 scribit:
1138 2351 1185 2384 Et

425 2397 600 2432 inclinavit
617 2400 652 2443 se
677 2400 763 2445 [uper
787 2410 879 2445 caput
903 2400 1067 2434 Delio-atae
1085 2400 1182 2444 suae,

425 2459 503 2494 quae
534 2451 736 2495 praecedebat
771 2464 863 2485 eam.
901 2450 1063 2497 Spefiiant
1099 2450 1183 2486 haec

425 2498 530 2533 verba
567 2499 608 2534 ad
637 2502 721 2548 Cap.
750 2503 795 2536 V.
824 2500 968 2545 Esther,
1005 2511 1109 2547 atque
1145 2500 1183 2537 in

1278 332 1390 377 sumsit
1426 333 1507 381 (ita
1534 334 1638 370 habet
1666 336 1844 383 Vulgata)
1881 347 1960 372 auas
1986 339 2042 382 fa-

1281 384 1403 429 mulas,
1433 385 1475 418 (9⁶
1495 385 1589 432 super
1613 399 1707 420 unam
1731 387 1855 433 quidem
1882 387 2039 424 inniteba-
2088 429 2091 431 ,

1281 445 1332 469 tur
1358 435 1447 482 quasi
1469 446 1545 482 prae
1571 437 1713 472 deliciis.
1751 436 1837 472 Idest
1872 436 1970 485 super
2001 453 2038 475 u.

1281 498 1361 521 nam
1389 486 1591 529 Delicatum,
1620 500 1707 534 quae
1734 487 1766 523 ei
1796 488 1828 522 in
1859 489 1981 523 deliciis
2007 502 2041 525 e.

1282 545 1353 570 rat.
1391 535 1509 570 Infra:
1548 535 1676 582 Laffum
1705 538 1800 585 super
1835 539 2040 574 Assncillulam

1283 586 1452 621 reclinavit
1480 597 1594 633 caput.
1632 589 1712 622 Hoc
1741 589 1786 623 est
1822 589 1921 637 super
1947 591 2041 624 Deti-

1282 647 1382 671 catam
1410 635 1528 671 suam.
1565 638 1686 684 Atque
1713 651 1755 673 ex
1784 639 1953 686 ejusmodi
1983 657 2041 672 mu-

1282 702 1351 723 w-ons
1376 685 1444 722 five
1474 686 1618 736 jocosis,
1657 701 1695 723 ac
1725 688 1935 732 Deliciofis,
1971 689 2040 726 sive

1283 736 1455 772 Delicatis
1480 737 1615 785 pueris,
1643 737 1782 774 fortaffe
1807 738 1943 774 emerfit
1967 753 2038 776 vox

1282 787 1392 823 nostra
1416 788 1560 834 Paggio‚
1589 799 1647 824 aut
1678 790 1697 824 a
1719 797 1778 825 παῖς
1800 800 1898 836 puer,
1926 789 2038 826 famu·

1282 839 1357 882 lus,
1386 847 1425 874 ut
1451 839 1674 875 Monofinius
1700 853 1739 875 ac
1768 840 1831 875 alii
1861 840 2040 877 censuere.

1281 890 1387 926 Certe
1415 902 1486 924 non
1514 890 1532 924 a
1561 893 1709 936 Bagoas,
1746 900 1786 925 ut
1815 891 2039 927 Boxhornius

1282 939 1514 986 opinabatur,
1538 953 1649 987 neque
1674 942 1693 975 ὲ
1718 942 1865 985 stheus,
1886 942 1939 976 uti
1959 943 2039 977 Me-

1281 989 1402 1037 nagius
1431 989 1645 1034 somniavit,
1673 990 1756 1026 haec
1783 991 1834 1026 ita
1861 993 1922 1026 suo
1949 1004 2039 1027 cere-

1281 1041 1342 1075 bro
1374 1040 1594 1075 construens:
1634 1039 1756 1085 Gloffae
1790 1052 1934 1075 veteres:
1970 1044 2038 1076 Fa.

1279 1091 1371 1135 bem,
1391 1098 1467 1127 παῖς.
1489 1093 1618 1133 Fabea,
1639 1095 1778 1126 mam-m..
1798 1093 1944 1134 Fabeus,
1967 1095 2036 1127 Fa-

1279 1141 1370 1184 bius,
1395 1141 1536 1185 Fabius,
1561 1142 1703 1188 Pagius,
1727 1145 1869 1188 Paggto.
1895 1142 2039 1177 Abeant

1279 1191 1417 1227 Glofl‘ae
1445 1191 1549 1235 illae,
1587 1206 1626 1227 ac
1660 1192 1800 1239 longius
1829 1193 1928 1227 abeat
1956 1205 2039 1240 pan-

1280 1255 1342 1277 nus
1367 1242 1411 1277 iis
1435 1243 1453 1277 ὲ
1480 1242 1652 1290 Menagio
1676 1242 1822 1277 affatus.
1852 1245 1949 1277 Inter
1972 1245 2040 1277 De-

1278 1293 1406 1328 licatum
1434 1305 1472 1327 ac
1499 1293 1688 1336 Deliciosum
1721 1293 1774 1327 nil
1810 1292 1969 1335 fortasse,
1998 1302 2038 1328 ut

1280 1343 1388 1385 dixi,
1422 1342 1636 1377 discriminis
1670 1342 1760 1377 olim
1795 1342 1864 1377 fuit
1885 1369 1893 1377 .
1931 1345 2038 1378 Aevo

1282 1391 1550 1439 Langobardico
1573 1393 1607 1426 &
1630 1392 1801 1427 carolino
1826 1392 1975 1433 Deliciofi
1998 1393 2036 1428 in

1280 1443 1357 1476 aula
1394 1440 1598 1490 Principum
1640 1443 1942 1487 numerabantur,
1980 1442 2037 1478 sed

1279 1490 1512 1527 honestiffimo
1532 1506 1570 1528 ac
1592 1491 1782 1541 magnifico
1802 1492 1938 1541 prorsus
1961 1506 2038 1528 mu.

1279 1556 1382 1578 nere.
1420 1544 1489 1577 Eos
1525 1542 1654 1591 opinor
1689 1556 1758 1578 non
1797 1543 1885 1579 alios
1915 1543 2036 1588 fuiffe,

1277 1606 1379 1640 quam
1402 1606 1488 1638 quos
1515 1607 1606 1629 nunc
1632 1595 1846 1642 appellamus
1867 1593 2036 1638 Confiden-

1277 1645 1304 1677 ti
1330 1642 1398 1677 sive
1426 1644 1602 1688 favoriei,
1634 1653 1694 1679 aut
1720 1644 1869 1679 intimos
1898 1644 2035 1680 Princi-

1278 1706 1358 1741 pum
1387 1692 1602 1730 familiares.
1640 1695 1772 1729 Statuit
1800 1695 1928 1730 Rachis
1957 1697 2033 1731 Rex

1256 1744 1312 1778 ,in
1338 1746 1433 1792 Lege
1460 1747 1520 1779 IX.
1549 1744 1699 1792 capitale
1726 1744 1858 1780 crimen
1886 1745 1980 1786 sore,
2001 1745 2034 1786 fi

1275 1796 1399 1841 quando
1425 1795 1528 1841 aliqui
1551 1795 1649 1841 pravi
1676 1795 1812 1829 homines
1840 1795 2033 1839 submittant

1275 1846 1308 1878 in
1336 1845 1500 1879 Palatium
1523 1847 1566 1879 ad
1593 1845 1725 1886 nostrum
1742 1846 1891 1890 secretum
1914 1846 2033 1890 difien-

1276 1896 1351 1929 dum
1367 1923 1376 1939 ‚
1405 1906 1440 1929 ut
1465 1907 1518 1942 per
1544 1896 1733 1940 Deliciosos,
1770 1907 1827 1931 aut
1848 1907 1906 1944 per
1930 1897 2034 1939 Ostia.

1277 1946 1356 1989 rios,
1381 1946 1436 1979 vel
1457 1957 1513 1992 per
1537 1947 1616 1980 alios
1639 1947 1796 1990 homines,
1822 1947 1952 1994 captiose
1975 1958 2033 1982 aut

1275 1997 1412 2040 absconse
1447 1996 1636 2043 investigare
1661 1998 1775 2044 poffint
1803 1998 1951 2044 quicquid
1977 2010 2031 2031 nos

1274 2048 1422 2093 agimus.
1461 2050 1513 2082 lta
1545 2048 1714 2083 Nicolaus
1744 2049 1769 2082 I.
1800 2049 1890 2094 Papa
1921 2047 1958 2082 in
1987 2049 2033 2082 E-

1277 2097 1397 2144 pistola
1429 2109 1484 2143 17.
1522 2097 1667 2133 scribit:
1704 2098 1917 2143 Sanfffiffimos
1950 2099 2033 2145 Epi..

1268 2148 1371 2194 scopos
1408 2148 1576 2192 Deliciosos
1611 2150 1723 2190 nostros
1756 2160 1812 2195 pro
1846 2162 1877 2182 eo
1912 2148 2033 2190 vestrae

1274 2198 1400 2234 caritati
1433 2199 1625 2232 direximus.
1669 2199 1794 2234 Utitur
1834 2199 1866 2233 δι
1909 2198 2030 2234 eodem

1276 2249 1381 2284 verbo
1410 2248 1582 2292 Iohannes
1610 2250 1710 2283 VIII.
1750 2246 1839 2296 Papa
1877 2248 1913 2283 in
1947 2249 2033 2297 Epi.

1273 2299 1367 2334 stolis
1394 2311 1453 2345 72.
1484 2311 1566 2345 217.
1595 2299 1628 2334 &
1659 2311 1740 2346 277.
1779 2299 1832 2334 uti
1863 2301 2033 2335 Du-Can.

1273 2350 1349 2398 gius
1386 2349 1519 2398 jamdiu
1556 2349 1835 2385 animadvertit.
1880 2350 2031 2387 Proinde

1274 2413 1365 2435 nunc
1386 2400 1578 2448 assequare,
1600 2400 1684 2448 quid
1706 2400 1903 2449 Sigebertus
1922 2403 2030 2436 Gem-

1275 2451 1437 2486 blacenfis
1465 2451 1635 2499 significet
1662 2451 1698 2486 in
1732 2451 1813 2487 Lib.
1842 2451 1882 2486 de
1910 2450 2028 2501 script.

1272 2501 1458 2538 Ecclefiast.
1485 2504 1571 2551 Cap.
1601 2505 1659 2546 83.
1690 2502 1749 2538 ubi
1778 2502 1818 2538 de
1847 2502 2026 2546 Alcuino,

426 2550 584 2599 Vulgata
619 2549 815 2588 referuntur
842 2551 972 2601 Capite
1003 2554 1082 2588 XV.
1122 2551 1206 2597 Sed}
1254 2552 1342 2602 ⁸slve.
1378 2553 1514 2591 Albino
1550 2554 1691 2590 Abbate
1729 2553 1769 2591 in
1808 2552 1891 2590 haec
1924 2553 2029 2591 verba

1896 2601 1980 2651 scri}
