<?xml version="1.0" encoding="UTF-8"?>
<!DOCTYPE html PUBLIC "-//W3C//DTD XHTML 1.0 Transitional//EN"
    "http://www.w3.org/TR/xhtml1/DTD/xhtml1-transitional.dtd">
<html xmlns="http://www.w3.org/1999/xhtml" xml:lang="en" lang="en">
 <head>
  <title>
</title>
<meta http-equiv="Content-Type" content="text/html;charset=utf-8" />
  <meta name='ocr-system' content='tesseract 3.04.00' />
  <meta name='ocr-capabilities' content='ocr_page ocr_carea ocr_par ocr_line ocrx_word'/>
</head>
<body>
  <div class='ocr_page' id='page_1' title='image "antiquitatesital01mura_0026.png"; bbox 0 0 2195 3032; ppageno 0'>
   <div class='ocr_carea' id='block_1_1' title="bbox 495 219 1682 279">
    <p class='ocr_par' dir='ltr' id='par_1_1' title="bbox 495 219 1682 279">
     <span class='ocr_line' id='line_1_1' title="bbox 495 219 1682 279; baseline 0 -16"><span class='ocrx_word' id='word_1_1' title='bbox 495 235 515 275; x_wconf 87' lang='lat'>3</span> <span class='ocrx_word' id='word_1_2' title='bbox 807 221 1193 279; x_wconf 56' lang='lat' dir='ltr'><strong><em>ANTIQQJT.</em></strong></span> <span class='ocrx_word' id='word_1_3' title='bbox 1241 219 1464 265; x_wconf 79' lang='lat' dir='ltr'><em>MEDII</em></span> <span class='ocrx_word' id='word_1_4' title='bbox 1508 221 1682 266; x_wconf 84' lang='lat' dir='ltr'><em>AEVI</em></span> 
     </span>
    </p>
   </div>
   <div class='ocr_carea' id='block_1_2' title="bbox 429 277 2039 331">
    <p class='ocr_par' dir='ltr' id='par_1_2' title="bbox 429 277 2039 331">
     <span class='ocr_line' id='line_1_2' title="bbox 429 277 2039 331; baseline 0.002 -18"><span class='ocrx_word' id='word_1_5' title='bbox 429 277 641 314; x_wconf 66' lang='lat' dir='ltr'>conse&amp;aria</span> <span class='ocrx_word' id='word_1_6' title='bbox 661 278 774 324; x_wconf 84' lang='lat' dir='ltr'>vitia,</span> <span class='ocrx_word' id='word_1_7' title='bbox 802 281 820 314; x_wconf 81' lang='grc' dir='ltr'>ὲ</span> <span class='ocrx_word' id='word_1_8' title='bbox 847 280 972 328; x_wconf 86' lang='lat' dir='ltr'>quibus</span> <span class='ocrx_word' id='word_1_9' title='bbox 1002 280 1090 316; x_wconf 68' lang='lat' dir='ltr'>viffi</span> <span class='ocrx_word' id='word_1_10' title='bbox 1111 281 1244 319; x_wconf 76' lang='lat' dir='ltr'>vin-&#39;A</span> <span class='ocrx_word' id='word_1_11' title='bbox 1274 292 1312 318; x_wconf 87' lang='lat' dir='ltr'>ut</span> <span class='ocrx_word' id='word_1_12' title='bbox 1339 283 1506 318; x_wconf 81' lang='lat' dir='ltr'>omittam</span> <span class='ocrx_word' id='word_1_13' title='bbox 1535 281 1656 331; x_wconf 83' lang='lat' dir='ltr'>frigidi</span> <span class='ocrx_word' id='word_1_14' title='bbox 1685 279 1790 316; x_wconf 83' lang='lat' dir='ltr'>Coeli</span> <span class='ocrx_word' id='word_1_15' title='bbox 1818 292 1949 317; x_wconf 86' lang='lat' dir='ltr'>morem</span> <span class='ocrx_word' id='word_1_16' title='bbox 1968 311 1978 328; x_wconf 91' lang='lat'>,</span> <span class='ocrx_word' id='word_1_17' title='bbox 2016 283 2039 317; x_wconf 59' lang='lat' dir='ltr'>a</span> 
     </span>
    </p>
   </div>
   <div class='ocr_carea' id='block_1_3' title="bbox 380 329 1201 2597">
    <p class='ocr_par' dir='ltr' id='par_1_3' title="bbox 380 329 1201 2597">
     <span class='ocr_line' id='line_1_3' title="bbox 429 329 1187 380; baseline 0.007 -17"><span class='ocrx_word' id='word_1_18' title='bbox 429 329 555 364; x_wconf 86' lang='lat' dir='ltr'>cendos</span> <span class='ocrx_word' id='word_1_19' title='bbox 571 329 603 364; x_wconf 91' lang='lat' dir='ltr'>se</span> <span class='ocrx_word' id='word_1_20' title='bbox 620 330 748 365; x_wconf 85' lang='lat' dir='ltr'>exteris</span> <span class='ocrx_word' id='word_1_21' title='bbox 767 344 906 379; x_wconf 85' lang='lat' dir='ltr'>quoque</span> <span class='ocrx_word' id='word_1_22' title='bbox 923 331 1076 366; x_wconf 88' lang='lat' dir='ltr'>hostibus</span> <span class='ocrx_word' id='word_1_23' title='bbox 1095 345 1187 380; x_wconf 83' lang='lat' dir='ltr'>prae-</span> 
     </span>
     <span class='ocr_line' id='line_1_4' title="bbox 427 378 1201 429; baseline 0.008 -16"><span class='ocrx_word' id='word_1_24' title='bbox 427 379 556 415; x_wconf 89' lang='lat' dir='ltr'>buere.</span> <span class='ocrx_word' id='word_1_25' title='bbox 596 380 687 415; x_wconf 87' lang='lat' dir='ltr'>Heic</span> <span class='ocrx_word' id='word_1_26' title='bbox 716 390 832 416; x_wconf 88' lang='lat' dir='ltr'>autem</span> <span class='ocrx_word' id='word_1_27' title='bbox 870 383 996 429; x_wconf 90' lang='lat' dir='ltr'>loquor</span> <span class='ocrx_word' id='word_1_28' title='bbox 1023 381 1064 417; x_wconf 90' lang='lat' dir='ltr'>de</span> <span class='ocrx_word' id='word_1_29' title='bbox 1102 378 1201 423; x_wconf 77' lang='lat' dir='ltr'>cele·!</span> 
     </span>
     <span class='ocr_line' id='line_1_5' title="bbox 428 429 1186 479; baseline 0.007 -15"><span class='ocrx_word' id='word_1_30' title='bbox 428 429 589 465; x_wconf 76' lang='lat' dir='ltr'>ben-imis</span> <span class='ocrx_word' id='word_1_31' title='bbox 626 431 826 467; x_wconf 85' lang='lat' dir='ltr'>Borealium</span> <span class='ocrx_word' id='word_1_32' title='bbox 870 433 1085 479; x_wconf 85' lang='lat' dir='ltr'>Populorum</span> <span class='ocrx_word' id='word_1_33' title='bbox 1121 434 1186 469; x_wconf 84' lang='lat' dir='ltr'>mi·</span> 
     </span>
     <span class='ocr_line' id='line_1_6' title="bbox 427 480 1187 529; baseline 0.008 -16"><span class='ocrx_word' id='word_1_34' title='bbox 427 480 674 527; x_wconf 76' lang='lat' dir='ltr'>grationibus,</span> <span class='ocrx_word' id='word_1_35' title='bbox 718 495 801 529; x_wconf 89' lang='lat' dir='ltr'>quas</span> <span class='ocrx_word' id='word_1_36' title='bbox 839 481 983 518; x_wconf 87' lang='lat' dir='ltr'>innuere</span> <span class='ocrx_word' id='word_1_37' title='bbox 1020 497 1058 518; x_wconf 90' lang='lat' dir='ltr'>ac</span> <span class='ocrx_word' id='word_1_38' title='bbox 1095 485 1187 520; x_wconf 83' lang='lat' dir='ltr'>noffe</span> 
     </span>
     <span class='ocr_line' id='line_1_7' title="bbox 425 529 1184 583; baseline 0.008 -19"><span class='ocrx_word' id='word_1_39' title='bbox 425 529 618 566; x_wconf 78' lang='lat' dir='ltr'>nostrorum</span> <span class='ocrx_word' id='word_1_40' title='bbox 641 532 748 567; x_wconf 89' lang='lat' dir='ltr'>etiam</span> <span class='ocrx_word' id='word_1_41' title='bbox 775 542 972 580; x_wconf 84' lang='lat' dir='ltr'>temporum</span> <span class='ocrx_word' id='word_1_42' title='bbox 995 535 1113 583; x_wconf 86' lang='lat' dir='ltr'>magni</span> <span class='ocrx_word' id='word_1_43' title='bbox 1134 535 1184 570; x_wconf 88' lang='lat' dir='ltr'>in-</span> 
     </span>
     <span class='ocr_line' id='line_1_8' title="bbox 425 580 1187 632; baseline 0.009 -18"><span class='ocrx_word' id='word_1_44' title='bbox 425 580 546 615; x_wconf 82' lang='lat' dir='ltr'>terest.</span> <span class='ocrx_word' id='word_1_45' title='bbox 575 582 718 617; x_wconf 72' lang='lat' dir='ltr'>Scilicet</span> <span class='ocrx_word' id='word_1_46' title='bbox 746 583 950 632; x_wconf 87' lang='lat' dir='ltr'>plerumque</span> <span class='ocrx_word' id='word_1_47' title='bbox 975 598 1044 619; x_wconf 90' lang='lat' dir='ltr'>non</span> <span class='ocrx_word' id='word_1_48' title='bbox 1074 585 1187 621; x_wconf 69' lang='lat' dir='ltr'>caussa</span> 
     </span>
     <span class='ocr_line' id='line_1_9' title="bbox 425 630 1185 680; baseline 0.009 -16"><span class='ocrx_word' id='word_1_49' title='bbox 425 630 694 677; x_wconf 81' lang='lat' dir='ltr'>amplificandae</span> <span class='ocrx_word' id='word_1_50' title='bbox 745 633 905 680; x_wconf 83' lang='lat' dir='ltr'>propriae</span> <span class='ocrx_word' id='word_1_51' title='bbox 953 634 1102 670; x_wconf 91' lang='lat' dir='ltr'>ditionis</span> <span class='ocrx_word' id='word_1_52' title='bbox 1143 650 1185 672; x_wconf 85' lang='lat' dir='ltr'>ex</span> 
     </span>
     <span class='ocr_line' id='line_1_10' title="bbox 424 681 1185 734; baseline 0.009 -19"><span class='ocrx_word' id='word_1_53' title='bbox 424 681 726 717; x_wconf 73' lang='lat' dir='ltr'>conterminorum</span> <span class='ocrx_word' id='word_1_54' title='bbox 755 682 899 730; x_wconf 86' lang='lat' dir='ltr'>spoliis,</span> <span class='ocrx_word' id='word_1_55' title='bbox 937 686 990 721; x_wconf 87' lang='lat' dir='ltr'>uti</span> <span class='ocrx_word' id='word_1_56' title='bbox 1019 687 1185 734; x_wconf 84' lang='lat' dir='ltr'>regnandi</span> 
     </span>
     <span class='ocr_line' id='line_1_11' title="bbox 426 730 1182 778; baseline 0.011 -14"><span class='ocrx_word' id='word_1_57' title='bbox 426 730 554 778; x_wconf 86' lang='lat' dir='ltr'>cupido</span> <span class='ocrx_word' id='word_1_58' title='bbox 591 731 647 767; x_wconf 91' lang='lat' dir='ltr'>seu</span> <span class='ocrx_word' id='word_1_59' title='bbox 685 733 859 776; x_wconf 77' lang='lat' dir='ltr'>ambitio,</span> <span class='ocrx_word' id='word_1_60' title='bbox 898 735 954 770; x_wconf 85' lang='lat' dir='ltr'>cui</span> <span class='ocrx_word' id='word_1_61' title='bbox 982 736 1075 771; x_wconf 84' lang='lat' dir='ltr'>nihil</span> <span class='ocrx_word' id='word_1_62' title='bbox 1112 751 1182 772; x_wconf 89' lang='lat' dir='ltr'>um-</span> 
     </span>
     <span class='ocr_line' id='line_1_12' title="bbox 423 781 1185 834; baseline 0.009 -19"><span class='ocrx_word' id='word_1_63' title='bbox 423 793 529 827; x_wconf 83' lang='lat' dir='ltr'>quam</span> <span class='ocrx_word' id='word_1_64' title='bbox 558 781 641 817; x_wconf 83' lang='lat' dir='ltr'>satis</span> <span class='ocrx_word' id='word_1_65' title='bbox 677 782 810 830; x_wconf 84' lang='lat' dir='ltr'>semper</span> <span class='ocrx_word' id='word_1_66' title='bbox 835 783 947 829; x_wconf 87' lang='lat' dir='ltr'>fecit,</span> <span class='ocrx_word' id='word_1_67' title='bbox 985 785 1185 834; x_wconf 83' lang='lat' dir='ltr'>semperque</span> 
     </span>
     <span class='ocr_line' id='line_1_13' title="bbox 424 830 1183 880; baseline 0.011 -15"><span class='ocrx_word' id='word_1_68' title='bbox 424 830 558 876; x_wconf 84' lang='lat' dir='ltr'>faciet,</span> <span class='ocrx_word' id='word_1_69' title='bbox 596 832 650 868; x_wconf 89' lang='lat' dir='ltr'>sed</span> <span class='ocrx_word' id='word_1_70' title='bbox 688 834 846 869; x_wconf 86' lang='lat' dir='ltr'>melioris</span> <span class='ocrx_word' id='word_1_71' title='bbox 884 836 996 880; x_wconf 85' lang='lat' dir='ltr'>coeli,</span> <span class='ocrx_word' id='word_1_72' title='bbox 1033 838 1067 871; x_wconf 73' lang='grc' dir='ltr'>δε</span> <span class='ocrx_word' id='word_1_73' title='bbox 1105 838 1183 873; x_wconf 85' lang='lat' dir='ltr'>ube-</span> 
     </span>
     <span class='ocr_line' id='line_1_14' title="bbox 421 881 1181 934; baseline 0.009 -18"><span class='ocrx_word' id='word_1_74' title='bbox 421 881 527 917; x_wconf 89' lang='lat' dir='ltr'>rioris</span> <span class='ocrx_word' id='word_1_75' title='bbox 556 881 621 918; x_wconf 86' lang='lat' dir='ltr'>soli</span> <span class='ocrx_word' id='word_1_76' title='bbox 652 884 882 931; x_wconf 85' lang='lat' dir='ltr'>conquirendi</span> <span class='ocrx_word' id='word_1_77' title='bbox 904 886 1016 934; x_wconf 75' lang='lat' dir='ltr'>gratia</span> <span class='ocrx_word' id='word_1_78' title='bbox 1044 887 1181 923; x_wconf 89' lang='lat' dir='ltr'>consue-</span> 
     </span>
     <span class='ocr_line' id='line_1_15' title="bbox 380 933 1184 985; baseline 0.007 -19"><span class='ocrx_word' id='word_1_79' title='bbox 380 969 383 972; x_wconf 24' lang='lat'>,</span> <span class='ocrx_word' id='word_1_80' title='bbox 421 943 503 967; x_wconf 86' lang='lat' dir='ltr'>vere</span> <span class='ocrx_word' id='word_1_81' title='bbox 533 933 737 970; x_wconf 81' lang='lat' dir='ltr'>Barbaricae</span> <span class='ocrx_word' id='word_1_82' title='bbox 774 935 858 970; x_wconf 86' lang='lat' dir='ltr'>illae</span> <span class='ocrx_word' id='word_1_83' title='bbox 885 946 1005 983; x_wconf 82' lang='lat' dir='ltr'><strong>gentes</strong></span> <span class='ocrx_word' id='word_1_84' title='bbox 1034 938 1184 985; x_wconf 84' lang='lat' dir='ltr'>propriis</span> 
     </span>
     <span class='ocr_line' id='line_1_16' title="bbox 418 982 1175 1033; baseline 0.009 -17"><span class='ocrx_word' id='word_1_85' title='bbox 418 982 615 1019; x_wconf 82' lang='lat' dir='ltr'>valedicere</span> <span class='ocrx_word' id='word_1_86' title='bbox 636 984 861 1033; x_wconf 83' lang='lat' dir='ltr'>regionibus,</span> <span class='ocrx_word' id='word_1_87' title='bbox 890 987 922 1021; x_wconf 77' lang='lat'>3&lt;</span> <span class='ocrx_word' id='word_1_88' title='bbox 949 986 1091 1022; x_wconf 87' lang='lat' dir='ltr'>sarcinis</span> <span class='ocrx_word' id='word_1_89' title='bbox 1112 989 1175 1023; x_wconf 85' lang='lat' dir='ltr'>col·</span> 
     </span>
     <span class='ocr_line' id='line_1_17' title="bbox 418 1032 1176 1084; baseline 0.009 -17"><span class='ocrx_word' id='word_1_90' title='bbox 418 1032 521 1068; x_wconf 55' lang='lat' dir='ltr'>legiis</span> <span class='ocrx_word' id='word_1_91' title='bbox 558 1034 628 1069; x_wconf 88' lang='lat' dir='ltr'>viri</span> <span class='ocrx_word' id='word_1_92' title='bbox 657 1048 695 1069; x_wconf 90' lang='lat' dir='ltr'>ac</span> <span class='ocrx_word' id='word_1_93' title='bbox 724 1036 886 1072; x_wconf 85' lang='lat' dir='ltr'>mulieres</span> <span class='ocrx_word' id='word_1_94' title='bbox 924 1037 1055 1073; x_wconf 74' lang='lat' dir='ltr'>alienas</span> <span class='ocrx_word' id='word_1_95' title='bbox 1091 1047 1176 1084; x_wconf 91' lang='lat' dir='ltr'>pete·</span> 
     </span>
     <span class='ocr_line' id='line_1_18' title="bbox 417 1087 1180 1137; baseline 0.009 -19"><span class='ocrx_word' id='word_1_96' title='bbox 417 1096 475 1126; x_wconf 89' lang='lat' dir='ltr'>re,</span> <span class='ocrx_word' id='word_1_97' title='bbox 504 1094 608 1132; x_wconf 86' lang='lat' dir='ltr'>atque</span> <span class='ocrx_word' id='word_1_98' title='bbox 637 1099 812 1122; x_wconf 89' lang='lat' dir='ltr'>armorum</span> <span class='ocrx_word' id='word_1_99' title='bbox 842 1087 879 1122; x_wconf 89' lang='lat' dir='ltr'>vi</span> <span class='ocrx_word' id='word_1_100' title='bbox 908 1087 968 1124; x_wconf 87' lang='lat' dir='ltr'>fibi</span> <span class='ocrx_word' id='word_1_101' title='bbox 994 1088 1180 1137; x_wconf 80' lang='lat' dir='ltr'>subjicere.</span> 
     </span>
     <span class='ocr_line' id='line_1_19' title="bbox 417 1135 1178 1174; baseline 0.008 -6"><span class='ocrx_word' id='word_1_102' title='bbox 417 1135 559 1169; x_wconf 85' lang='lat' dir='ltr'>Horum</span> <span class='ocrx_word' id='word_1_103' title='bbox 598 1135 734 1171; x_wconf 90' lang='lat' dir='ltr'>animos</span> <span class='ocrx_word' id='word_1_104' title='bbox 772 1137 967 1173; x_wconf 83' lang='lat' dir='ltr'>acutiffima</span> <span class='ocrx_word' id='word_1_105' title='bbox 1008 1139 1076 1174; x_wconf 85' lang='lat' dir='ltr'>duo</span> <span class='ocrx_word' id='word_1_106' title='bbox 1113 1141 1178 1174; x_wconf 84' lang='lat' dir='ltr'>cal-</span> 
     </span>
     <span class='ocr_line' id='line_1_20' title="bbox 417 1184 1178 1237; baseline 0.009 -19"><span class='ocrx_word' id='word_1_107' title='bbox 417 1184 511 1219; x_wconf 87' lang='lat' dir='ltr'>caria</span> <span class='ocrx_word' id='word_1_108' title='bbox 540 1185 580 1220; x_wconf 86' lang='lat' dir='ltr'>ad</span> <span class='ocrx_word' id='word_1_109' title='bbox 607 1186 642 1221; x_wconf 92' lang='lat' dir='ltr'>id</span> <span class='ocrx_word' id='word_1_110' title='bbox 671 1186 808 1222; x_wconf 82' lang='lat' dir='ltr'>consilii</span> <span class='ocrx_word' id='word_1_111' title='bbox 830 1188 1081 1237; x_wconf 81' lang='lat' dir='ltr'>impellebant.</span> <span class='ocrx_word' id='word_1_112' title='bbox 1110 1190 1178 1225; x_wconf 85' lang='lat' dir='ltr'>Sci.</span> 
     </span>
     <span class='ocr_line' id='line_1_21' title="bbox 416 1234 1177 1275; baseline 0.009 -7"><span class='ocrx_word' id='word_1_113' title='bbox 416 1234 529 1275; x_wconf 80' lang='lat' dir='ltr'>licet,</span> <span class='ocrx_word' id='word_1_114' title='bbox 568 1246 606 1271; x_wconf 92' lang='lat' dir='ltr'>ut</span> <span class='ocrx_word' id='word_1_115' title='bbox 634 1237 742 1272; x_wconf 83' lang='lat' dir='ltr'>etiam</span> <span class='ocrx_word' id='word_1_116' title='bbox 773 1239 1026 1274; x_wconf 85' lang='lat' dir='ltr'>animadvertit</span> <span class='ocrx_word' id='word_1_117' title='bbox 1056 1242 1177 1275; x_wconf 75' lang='lat' dir='ltr'>Seneca</span> 
     </span>
     <span class='ocr_line' id='line_1_22' title="bbox 416 1282 1178 1326; baseline 0.01 -8"><span class='ocrx_word' id='word_1_118' title='bbox 416 1282 456 1318; x_wconf 88' lang='lat' dir='ltr'>in</span> <span class='ocrx_word' id='word_1_119' title='bbox 495 1285 605 1321; x_wconf 83' lang='lat' dir='ltr'>Libro</span> <span class='ocrx_word' id='word_1_120' title='bbox 643 1287 684 1322; x_wconf 91' lang='lat' dir='ltr'>de</span> <span class='ocrx_word' id='word_1_121' title='bbox 721 1288 976 1326; x_wconf 84' lang='lat' dir='ltr'>Consolatione</span> <span class='ocrx_word' id='word_1_122' title='bbox 1017 1290 1058 1325; x_wconf 89' lang='lat' dir='ltr'>ad</span> <span class='ocrx_word' id='word_1_123' title='bbox 1096 1292 1178 1325; x_wconf 90' lang='lat' dir='ltr'>Hel·</span> 
     </span>
     <span class='ocr_line' id='line_1_23' title="bbox 414 1333 1175 1387; baseline 0.011 -21"><span class='ocrx_word' id='word_1_124' title='bbox 414 1333 541 1377; x_wconf 79' lang='lat' dir='ltr'>viam,</span> <span class='ocrx_word' id='word_1_125' title='bbox 579 1338 666 1384; x_wconf 86' lang='lat' dir='ltr'>Cap.</span> <span class='ocrx_word' id='word_1_126' title='bbox 706 1341 770 1374; x_wconf 81' lang='lat' dir='ltr'>VI.</span> <span class='ocrx_word' id='word_1_127' title='bbox 808 1340 907 1374; x_wconf 51' lang='lat' dir='ltr'>„Alios</span> <span class='ocrx_word' id='word_1_128' title='bbox 942 1341 1042 1375; x_wconf 71' lang='lat' dir='ltr'>nimia</span> <span class='ocrx_word' id='word_1_129' title='bbox 1072 1341 1175 1387; x_wconf 57' lang='lat' dir='ltr'>strper-</span> 
     </span>
     <span class='ocr_line' id='line_1_24' title="bbox 407 1384 1176 1434; baseline 0.009 -18"><span class='ocrx_word' id='word_1_130' title='bbox 407 1384 546 1429; x_wconf 66' lang='lat' dir='ltr'>flnensis</span> <span class='ocrx_word' id='word_1_131' title='bbox 583 1389 698 1432; x_wconf 69' lang='lat' dir='ltr'>Populi</span> <span class='ocrx_word' id='word_1_132' title='bbox 734 1389 910 1434; x_wconf 74' lang='lat' dir='ltr'>frequentia</span> <span class='ocrx_word' id='word_1_133' title='bbox 936 1393 979 1423; x_wconf 81' lang='lat' dir='ltr'>ad</span> <span class='ocrx_word' id='word_1_134' title='bbox 1015 1405 1176 1424; x_wconf 76' lang='lat' dir='ltr'>exoneran-</span> 
     </span>
     <span class='ocr_line' id='line_1_25' title="bbox 416 1435 1182 1483; baseline 0.005 -16"><span class='ocrx_word' id='word_1_135' title='bbox 416 1435 477 1468; x_wconf 75' lang='lat' dir='ltr'>das</span> <span class='ocrx_word' id='word_1_136' title='bbox 510 1435 597 1469; x_wconf 65' lang='lat' dir='ltr'>vires</span> <span class='ocrx_word' id='word_1_137' title='bbox 633 1436 733 1476; x_wconf 67' lang='lat' dir='ltr'>emisit</span> <span class='ocrx_word' id='word_1_138' title='bbox 744 1463 836 1472; x_wconf 89' lang='grc'><strong>.....</strong></span> <span class='ocrx_word' id='word_1_139' title='bbox 866 1438 1026 1483; x_wconf 66' lang='lat' dir='ltr'>Quosdam</span> <span class='ocrx_word' id='word_1_140' title='bbox 1061 1439 1182 1481; x_wconf 59' lang='lat' dir='ltr'>fertilis</span> 
     </span>
     <span class='ocr_line' id='line_1_26' title="bbox 414 1486 1175 1531; baseline 0.008 -15"><span class='ocrx_word' id='word_1_141' title='bbox 414 1496 510 1526; x_wconf 74' lang='lat' dir='ltr'>orae,</span> <span class='ocrx_word' id='word_1_142' title='bbox 548 1486 592 1517; x_wconf 67' lang='lat'>(9⁴</span> <span class='ocrx_word' id='word_1_143' title='bbox 620 1486 652 1518; x_wconf 83' lang='lat' dir='ltr'>in</span> <span class='ocrx_word' id='word_1_144' title='bbox 681 1486 784 1529; x_wconf 75' lang='lat' dir='ltr'>majus</span> <span class='ocrx_word' id='word_1_145' title='bbox 819 1488 971 1522; x_wconf 75' lang='lat' dir='ltr'>laudatae</span> <span class='ocrx_word' id='word_1_146' title='bbox 993 1489 1083 1531; x_wconf 67' lang='lat' dir='ltr'>fizma</span> <span class='ocrx_word' id='word_1_147' title='bbox 1120 1502 1175 1522; x_wconf 81' lang='lat' dir='ltr'>cor-</span> 
     </span>
     <span class='ocr_line' id='line_1_27' title="bbox 414 1534 1164 1585; baseline 0.007 -18"><span class='ocrx_word' id='word_1_148' title='bbox 414 1534 521 1580; x_wconf 73' lang='lat' dir='ltr'>rupit.</span> <span class='ocrx_word' id='word_1_149' title='bbox 547 1536 644 1570; x_wconf 85' lang='lat' dir='ltr'>Haec</span> <span class='ocrx_word' id='word_1_150' title='bbox 665 1536 734 1570; x_wconf 91' lang='lat' dir='ltr'>duo</span> <span class='ocrx_word' id='word_1_151' title='bbox 755 1537 960 1585; x_wconf 78' lang='lat' dir='ltr'>praecipue,</span> <span class='ocrx_word' id='word_1_152' title='bbox 982 1537 1057 1584; x_wconf 88' lang='lat' dir='ltr'>ipso</span> <span class='ocrx_word' id='word_1_153' title='bbox 1080 1540 1164 1573; x_wconf 82' lang='lat' dir='ltr'>Paul</span> 
     </span>
     <span class='ocr_line' id='line_1_28' title="bbox 414 1584 1173 1635; baseline 0.004 -15"><span class='ocrx_word' id='word_1_154' title='bbox 414 1585 453 1620; x_wconf 91' lang='lat' dir='ltr'>lo</span> <span class='ocrx_word' id='word_1_155' title='bbox 481 1584 631 1620; x_wconf 88' lang='lat' dir='ltr'>diacono</span> <span class='ocrx_word' id='word_1_156' title='bbox 661 1586 763 1627; x_wconf 79' lang='lat' dir='ltr'>teste,</span> <span class='ocrx_word' id='word_1_157' title='bbox 802 1595 857 1621; x_wconf 91' lang='lat' dir='ltr'>tot</span> <span class='ocrx_word' id='word_1_158' title='bbox 885 1596 1004 1635; x_wconf 77' lang='lat' dir='ltr'>gentes</span> <span class='ocrx_word' id='word_1_159' title='bbox 1032 1601 1074 1622; x_wconf 80' lang='lat' dir='ltr'>ex</span> <span class='ocrx_word' id='word_1_160' title='bbox 1105 1590 1173 1633; x_wconf 77' lang='lat' dir='ltr'>Hy-</span> 
     </span>
     <span class='ocr_line' id='line_1_29' title="bbox 414 1634 1175 1684; baseline 0.007 -16"><span class='ocrx_word' id='word_1_161' title='bbox 414 1634 592 1682; x_wconf 85' lang='lat' dir='ltr'>perboreis</span> <span class='ocrx_word' id='word_1_162' title='bbox 630 1636 741 1684; x_wconf 85' lang='lat' dir='ltr'>plagis</span> <span class='ocrx_word' id='word_1_163' title='bbox 770 1636 806 1672; x_wconf 87' lang='lat' dir='ltr'>in</span> <span class='ocrx_word' id='word_1_164' title='bbox 843 1637 1098 1673; x_wconf 81' lang='lat' dir='ltr'>Meridionales</span> <span class='ocrx_word' id='word_1_165' title='bbox 1126 1638 1175 1673; x_wconf 88' lang='lat' dir='ltr'>in-</span> 
     </span>
     <span class='ocr_line' id='line_1_30' title="bbox 415 1684 1176 1736; baseline 0.007 -17"><span class='ocrx_word' id='word_1_166' title='bbox 415 1684 595 1720; x_wconf 85' lang='lat' dir='ltr'>citarunt.</span> <span class='ocrx_word' id='word_1_167' title='bbox 633 1686 681 1721; x_wconf 90' lang='lat' dir='ltr'>Iis</span> <span class='ocrx_word' id='word_1_168' title='bbox 709 1687 803 1722; x_wconf 87' lang='lat' dir='ltr'>enim</span> <span class='ocrx_word' id='word_1_169' title='bbox 823 1716 832 1732; x_wconf 91' lang='lat'>,</span> <span class='ocrx_word' id='word_1_170' title='bbox 861 1687 922 1735; x_wconf 90' lang='lat' dir='ltr'>qui</span> <span class='ocrx_word' id='word_1_171' title='bbox 950 1688 1176 1736; x_wconf 85' lang='lat' dir='ltr'>Septemtrio-</span> 
     </span>
     <span class='ocr_line' id='line_1_31' title="bbox 413 1735 1174 1785; baseline 0.007 -16"><span class='ocrx_word' id='word_1_172' title='bbox 413 1735 489 1770; x_wconf 88' lang='lat' dir='ltr'>nali</span> <span class='ocrx_word' id='word_1_173' title='bbox 520 1737 607 1771; x_wconf 85' lang='lat' dir='ltr'>Polo</span> <span class='ocrx_word' id='word_1_174' title='bbox 636 1737 814 1785; x_wconf 80' lang='lat' dir='ltr'>propiores</span> <span class='ocrx_word' id='word_1_175' title='bbox 835 1747 958 1782; x_wconf 88' lang='lat' dir='ltr'>erant,</span> <span class='ocrx_word' id='word_1_176' title='bbox 987 1738 1174 1774; x_wconf 81' lang='lat' dir='ltr'>inclemen-</span> 
     </span>
     <span class='ocr_line' id='line_1_32' title="bbox 413 1785 1176 1833; baseline 0.007 -13"><span class='ocrx_word' id='word_1_177' title='bbox 413 1785 466 1820; x_wconf 85' lang='lat' dir='ltr'>tia</span> <span class='ocrx_word' id='word_1_178' title='bbox 487 1786 613 1830; x_wconf 87' lang='lat' dir='ltr'>Coeli,</span> <span class='ocrx_word' id='word_1_179' title='bbox 641 1789 675 1822; x_wconf 88' lang='lat'>&amp;</span> <span class='ocrx_word' id='word_1_180' title='bbox 703 1788 830 1824; x_wconf 86' lang='lat' dir='ltr'>infelix</span> <span class='ocrx_word' id='word_1_181' title='bbox 853 1789 991 1824; x_wconf 78' lang='lat' dir='ltr'>telluris</span> <span class='ocrx_word' id='word_1_182' title='bbox 1019 1789 1176 1833; x_wconf 80' lang='lat' dir='ltr'>indoles,</span> 
     </span>
     <span class='ocr_line' id='line_1_33' title="bbox 413 1836 1178 1888; baseline 0.005 -17"><span class='ocrx_word' id='word_1_183' title='bbox 413 1836 556 1873; x_wconf 84' lang='lat' dir='ltr'>molesta</span> <span class='ocrx_word' id='word_1_184' title='bbox 584 1837 737 1874; x_wconf 87' lang='lat' dir='ltr'>nimium</span> <span class='ocrx_word' id='word_1_185' title='bbox 765 1849 863 1881; x_wconf 86' lang='lat' dir='ltr'>erat,</span> <span class='ocrx_word' id='word_1_186' title='bbox 892 1840 1021 1888; x_wconf 86' lang='lat' dir='ltr'>quippe</span> <span class='ocrx_word' id='word_1_187' title='bbox 1048 1839 1178 1888; x_wconf 77' lang='lat' dir='ltr'>frigore</span> 
     </span>
     <span class='ocr_line' id='line_1_34' title="bbox 415 1886 1176 1937; baseline 0.007 -17"><span class='ocrx_word' id='word_1_188' title='bbox 415 1886 559 1933; x_wconf 86' lang='lat' dir='ltr'>quidem</span> <span class='ocrx_word' id='word_1_189' title='bbox 597 1890 745 1937; x_wconf 84' lang='lat' dir='ltr'>geluque</span> <span class='ocrx_word' id='word_1_190' title='bbox 785 1890 988 1934; x_wconf 83' lang='lat' dir='ltr'>abundans,</span> <span class='ocrx_word' id='word_1_191' title='bbox 1036 1901 1070 1926; x_wconf 90' lang='lat' dir='ltr'>at</span> <span class='ocrx_word' id='word_1_192' title='bbox 1107 1904 1176 1925; x_wconf 92' lang='lat' dir='ltr'>non</span> 
     </span>
     <span class='ocr_line' id='line_1_35' title="bbox 415 1935 1173 1986; baseline 0.008 -15"><span class='ocrx_word' id='word_1_193' title='bbox 415 1935 468 1972; x_wconf 89' lang='lat' dir='ltr'>ita</span> <span class='ocrx_word' id='word_1_194' title='bbox 495 1936 652 1986; x_wconf 76' lang='lat' dir='ltr'>frugibus</span> <span class='ocrx_word' id='word_1_195' title='bbox 681 1953 718 1974; x_wconf 87' lang='lat' dir='ltr'>ac</span> <span class='ocrx_word' id='word_1_196' title='bbox 748 1939 917 1976; x_wconf 68' lang='lat' dir='ltr'>fruffibus</span> <span class='ocrx_word' id='word_1_197' title='bbox 954 1951 1083 1977; x_wconf 85' lang='lat' dir='ltr'>terrae.</span> <span class='ocrx_word' id='word_1_198' title='bbox 1122 1944 1173 1976; x_wconf 89' lang='lat' dir='ltr'>In-</span> 
     </span>
     <span class='ocr_line' id='line_1_36' title="bbox 416 1988 1174 2040; baseline 0.007 -18"><span class='ocrx_word' id='word_1_199' title='bbox 416 1988 643 2024; x_wconf 87' lang='lat' dir='ltr'>clementiam</span> <span class='ocrx_word' id='word_1_200' title='bbox 665 1989 730 2025; x_wconf 88' lang='lat' dir='ltr'>soli</span> <span class='ocrx_word' id='word_1_201' title='bbox 752 1990 802 2026; x_wconf 84' lang='lat' dir='ltr'>sui</span> <span class='ocrx_word' id='word_1_202' title='bbox 829 1993 1077 2039; x_wconf 84' lang='lat' dir='ltr'>comparabant</span> <span class='ocrx_word' id='word_1_203' title='bbox 1096 2005 1174 2040; x_wconf 79' lang='lat' dir='ltr'>gen-</span> 
     </span>
     <span class='ocr_line' id='line_1_37' title="bbox 417 2039 1177 2086; baseline 0.007 -14"><span class='ocrx_word' id='word_1_204' title='bbox 417 2047 470 2073; x_wconf 83' lang='lat' dir='ltr'>tes</span> <span class='ocrx_word' id='word_1_205' title='bbox 511 2039 595 2075; x_wconf 89' lang='lat' dir='ltr'>illae</span> <span class='ocrx_word' id='word_1_206' title='bbox 631 2053 711 2076; x_wconf 86' lang='lat' dir='ltr'>cum</span> <span class='ocrx_word' id='word_1_207' title='bbox 749 2040 945 2085; x_wconf 81' lang='lat' dir='ltr'>foecunda,</span> <span class='ocrx_word' id='word_1_208' title='bbox 992 2042 1101 2086; x_wconf 87' lang='lat' dir='ltr'>miti,</span> <span class='ocrx_word' id='word_1_209' title='bbox 1139 2056 1177 2077; x_wconf 91' lang='lat' dir='ltr'>ac</span> 
     </span>
     <span class='ocr_line' id='line_1_38' title="bbox 418 2087 1178 2141; baseline 0.007 -18"><span class='ocrx_word' id='word_1_210' title='bbox 418 2087 558 2125; x_wconf 88' lang='lat' dir='ltr'>deliciis</span> <span class='ocrx_word' id='word_1_211' title='bbox 585 2090 750 2128; x_wconf 84' lang='lat' dir='ltr'>affluente</span> <span class='ocrx_word' id='word_1_212' title='bbox 787 2092 1020 2128; x_wconf 86' lang='lat' dir='ltr'>Meridionali</span> <span class='ocrx_word' id='word_1_213' title='bbox 1050 2094 1149 2141; x_wconf 65' lang='lat' dir='ltr'>plaga</span> <span class='ocrx_word' id='word_1_214' title='bbox 1168 2120 1178 2137; x_wconf 92' lang='lat'>,</span> 
     </span>
     <span class='ocr_line' id='line_1_39' title="bbox 419 2140 1176 2190; baseline 0.007 -16"><span class='ocrx_word' id='word_1_215' title='bbox 419 2152 459 2175; x_wconf 84' lang='lat' dir='ltr'>ac</span> <span class='ocrx_word' id='word_1_216' title='bbox 488 2140 687 2187; x_wconf 87' lang='lat' dir='ltr'>praesertim</span> <span class='ocrx_word' id='word_1_217' title='bbox 723 2142 870 2178; x_wconf 55' lang='lat' dir='ltr'>Italici:</span> <span class='ocrx_word' id='word_1_218' title='bbox 907 2157 1012 2190; x_wconf 85' lang='lat' dir='ltr'>quare</span> <span class='ocrx_word' id='word_1_219' title='bbox 1048 2144 1176 2179; x_wconf 87' lang='lat' dir='ltr'>mirum</span> 
     </span>
     <span class='ocr_line' id='line_1_40' title="bbox 419 2190 1176 2242; baseline 0.008 -18"><span class='ocrx_word' id='word_1_220' title='bbox 419 2203 491 2225; x_wconf 89' lang='lat' dir='ltr'>non</span> <span class='ocrx_word' id='word_1_221' title='bbox 512 2190 577 2233; x_wconf 90' lang='lat' dir='ltr'>est,</span> <span class='ocrx_word' id='word_1_222' title='bbox 594 2190 617 2225; x_wconf 85' lang='lat' dir='ltr'>fi</span> <span class='ocrx_word' id='word_1_223' title='bbox 639 2191 784 2229; x_wconf 88' lang='lat' dir='ltr'>stimulis</span> <span class='ocrx_word' id='word_1_224' title='bbox 805 2194 979 2242; x_wconf 88' lang='lat' dir='ltr'>perpetuis</span> <span class='ocrx_word' id='word_1_225' title='bbox 1000 2194 1176 2242; x_wconf 76' lang='lat' dir='ltr'>agitaban-</span> 
     </span>
     <span class='ocr_line' id='line_1_41' title="bbox 419 2240 1175 2293; baseline 0.005 -17"><span class='ocrx_word' id='word_1_226' title='bbox 419 2248 478 2276; x_wconf 87' lang='lat' dir='ltr'>tur</span> <span class='ocrx_word' id='word_1_227' title='bbox 498 2240 538 2276; x_wconf 82' lang='lat' dir='ltr'>ad</span> <span class='ocrx_word' id='word_1_228' title='bbox 560 2241 771 2279; x_wconf 81' lang='lat' dir='ltr'>invadendas</span> <span class='ocrx_word' id='word_1_229' title='bbox 791 2245 941 2287; x_wconf 85' lang='lat' dir='ltr'>alienas,</span> <span class='ocrx_word' id='word_1_230' title='bbox 960 2244 1081 2293; x_wconf 89' lang='lat' dir='ltr'>easque</span> <span class='ocrx_word' id='word_1_231' title='bbox 1101 2246 1175 2280; x_wconf 90' lang='lat' dir='ltr'>lon-</span> 
     </span>
     <span class='ocr_line' id='line_1_42' title="bbox 421 2291 1175 2342; baseline 0.007 -16"><span class='ocrx_word' id='word_1_232' title='bbox 421 2305 463 2340; x_wconf 85' lang='lat' dir='ltr'>ge</span> <span class='ocrx_word' id='word_1_233' title='bbox 485 2291 608 2338; x_wconf 78' lang='lat' dir='ltr'>positas</span> <span class='ocrx_word' id='word_1_234' title='bbox 629 2302 756 2337; x_wconf 88' lang='lat' dir='ltr'>terras,</span> <span class='ocrx_word' id='word_1_235' title='bbox 774 2308 855 2342; x_wconf 90' lang='lat' dir='ltr'>quas</span> <span class='ocrx_word' id='word_1_236' title='bbox 876 2306 1045 2331; x_wconf 85' lang='lat' dir='ltr'>noverant</span> <span class='ocrx_word' id='word_1_237' title='bbox 1066 2297 1084 2330; x_wconf 74' lang='lat' dir='ltr'>a</span> <span class='ocrx_word' id='word_1_238' title='bbox 1108 2298 1175 2331; x_wconf 81' lang='lat' dir='ltr'>Na-</span> 
     </span>
     <span class='ocr_line' id='line_1_43' title="bbox 419 2343 1176 2389; baseline 0.007 -12"><span class='ocrx_word' id='word_1_239' title='bbox 419 2343 498 2378; x_wconf 68' lang='lat' dir='ltr'>tura</span> <span class='ocrx_word' id='word_1_240' title='bbox 525 2356 595 2378; x_wconf 88' lang='lat' dir='ltr'>non</span> <span class='ocrx_word' id='word_1_241' title='bbox 623 2346 794 2387; x_wconf 70' lang='lat' dir='ltr'>noverca,</span> <span class='ocrx_word' id='word_1_242' title='bbox 823 2345 878 2381; x_wconf 89' lang='lat' dir='ltr'>sed</span> <span class='ocrx_word' id='word_1_243' title='bbox 905 2357 1015 2381; x_wconf 83' lang='lat' dir='ltr'>matre</span> <span class='ocrx_word' id='word_1_244' title='bbox 1034 2374 1043 2389; x_wconf 90' lang='lat'>,</span> <span class='ocrx_word' id='word_1_245' title='bbox 1072 2346 1176 2381; x_wconf 88' lang='lat' dir='ltr'>abun-</span> 
     </span>
     <span class='ocr_line' id='line_1_44' title="bbox 420 2393 1176 2432; baseline 0.005 -4"><span class='ocrx_word' id='word_1_246' title='bbox 420 2393 580 2430; x_wconf 88' lang='lat' dir='ltr'>dantiore</span> <span class='ocrx_word' id='word_1_247' title='bbox 616 2394 788 2431; x_wconf 86' lang='lat' dir='ltr'>donorum</span> <span class='ocrx_word' id='word_1_248' title='bbox 816 2409 854 2430; x_wconf 85' lang='lat' dir='ltr'>ac</span> <span class='ocrx_word' id='word_1_249' title='bbox 891 2405 1176 2432; x_wconf 84' lang='lat' dir='ltr'>ornamentorum</span> 
     </span>
     <span class='ocr_line' id='line_1_45' title="bbox 420 2444 1176 2492; baseline 0.004 -12"><span class='ocrx_word' id='word_1_250' title='bbox 420 2444 521 2492; x_wconf 62' lang='lat' dir='ltr'>copia</span> <span class='ocrx_word' id='word_1_251' title='bbox 548 2444 686 2482; x_wconf 82' lang='lat' dir='ltr'>refertas</span> <span class='ocrx_word' id='word_1_252' title='bbox 703 2473 712 2481; x_wconf 89' lang='lat'>.</span> <span class='ocrx_word' id='word_1_253' title='bbox 740 2445 939 2481; x_wconf 78' lang='lat' dir='ltr'>Accedebat</span> <span class='ocrx_word' id='word_1_254' title='bbox 967 2448 1000 2482; x_wconf 73' lang='grc' dir='ltr'>δ(</span> <span class='ocrx_word' id='word_1_255' title='bbox 1028 2449 1176 2483; x_wconf 88' lang='lat' dir='ltr'>alterum</span> 
     </span>
     <span class='ocr_line' id='line_1_46' title="bbox 418 2495 1173 2542; baseline 0.001 -11"><span class='ocrx_word' id='word_1_256' title='bbox 418 2495 719 2540; x_wconf 84' lang='lat' dir='ltr'>incitamentum,</span> <span class='ocrx_word' id='word_1_257' title='bbox 761 2510 885 2542; x_wconf 80' lang='lat' dir='ltr'>nempe</span> <span class='ocrx_word' id='word_1_258' title='bbox 923 2497 1030 2533; x_wconf 87' lang='lat' dir='ltr'>nimis</span> <span class='ocrx_word' id='word_1_259' title='bbox 1069 2498 1173 2533; x_wconf 83' lang='lat' dir='ltr'>inter-</span> 
     </span>
     <span class='ocr_line' id='line_1_47' title="bbox 418 2544 1176 2597; baseline 0.007 -16"><span class='ocrx_word' id='word_1_260' title='bbox 418 2544 502 2591; x_wconf 72' lang='lat' dir='ltr'>dum</span> <span class='ocrx_word' id='word_1_261' title='bbox 522 2546 665 2584; x_wconf 65' lang='lat' dir='ltr'>adaueca</span> <span class='ocrx_word' id='word_1_262' title='bbox 685 2546 832 2584; x_wconf 84' lang='lat' dir='ltr'>illorum</span> <span class='ocrx_word' id='word_1_263' title='bbox 852 2548 1057 2597; x_wconf 65' lang='lat' dir='ltr'>populatio,</span> <span class='ocrx_word' id='word_1_264' title='bbox 1083 2551 1176 2586; x_wconf 87' lang='lat' dir='ltr'>Nam</span> 
     </span>
    </p>
   </div>
   <div class='ocr_carea' id='block_1_4' title="bbox 1185 1663 1193 2480">
    <p class='ocr_par' dir='ltr' id='par_1_4' title="bbox 1185 1663 1193 2480">
     <span class='ocr_line' id='line_1_48' title="bbox 1185 1663 1193 2480; baseline 0 0"><span class='ocrx_word' id='word_1_265' title='bbox 1185 1663 1193 2480; x_wconf 95' lang='lat' dir='ltr'> </span> 
     </span>
    </p>
   </div>
   <div class='ocr_carea' id='block_1_5' title="bbox 1271 331 2041 1188">
    <p class='ocr_par' dir='ltr' id='par_1_5' title="bbox 1271 331 2041 1188">
     <span class='ocr_line' id='line_1_49' title="bbox 1273 331 2032 381; baseline -0.005 -12"><span class='ocrx_word' id='word_1_266' title='bbox 1273 347 1343 381; x_wconf 88' lang='lat' dir='ltr'>quo</span> <span class='ocrx_word' id='word_1_267' title='bbox 1379 333 1598 369; x_wconf 86' lang='lat' dir='ltr'>foecunditas</span> <span class='ocrx_word' id='word_1_268' title='bbox 1635 331 1779 367; x_wconf 86' lang='lat' dir='ltr'>humani</span> <span class='ocrx_word' id='word_1_269' title='bbox 1816 332 1950 379; x_wconf 84' lang='lat' dir='ltr'>generis</span> <span class='ocrx_word' id='word_1_270' title='bbox 1980 334 2032 380; x_wconf 81' lang='lat' dir='ltr'>ju.</span> 
     </span>
     <span class='ocr_line' id='line_1_50' title="bbox 1274 381 2034 432; baseline -0.005 -13"><span class='ocrx_word' id='word_1_271' title='bbox 1274 384 1349 420; x_wconf 87' lang='lat' dir='ltr'>vari</span> <span class='ocrx_word' id='word_1_272' title='bbox 1378 384 1552 427; x_wconf 88' lang='lat' dir='ltr'>creditur,</span> <span class='ocrx_word' id='word_1_273' title='bbox 1582 381 1749 432; x_wconf 84' lang='lat' dir='ltr'>permulti</span> <span class='ocrx_word' id='word_1_274' title='bbox 1777 395 1819 416; x_wconf 83' lang='lat' dir='ltr'>ex</span> <span class='ocrx_word' id='word_1_275' title='bbox 1847 381 1892 416; x_wconf 87' lang='lat' dir='ltr'>iis</span> <span class='ocrx_word' id='word_1_276' title='bbox 1921 383 2034 430; x_wconf 81' lang='lat' dir='ltr'>Popu-</span> 
     </span>
     <span class='ocr_line' id='line_1_51' title="bbox 1273 432 2035 483; baseline -0.007 -14"><span class='ocrx_word' id='word_1_277' title='bbox 1273 435 1317 469; x_wconf 90' lang='lat' dir='ltr'>lis</span> <span class='ocrx_word' id='word_1_278' title='bbox 1346 436 1459 483; x_wconf 87' lang='lat' dir='ltr'>plures</span> <span class='ocrx_word' id='word_1_279' title='bbox 1487 434 1629 483; x_wconf 75' lang='lat' dir='ltr'>singulis</span> <span class='ocrx_word' id='word_1_280' title='bbox 1660 432 1745 468; x_wconf 86' lang='lat' dir='ltr'>viris</span> <span class='ocrx_word' id='word_1_281' title='bbox 1777 445 1900 467; x_wconf 84' lang='lat' dir='ltr'>uxores</span> <span class='ocrx_word' id='word_1_282' title='bbox 1929 445 2035 478; x_wconf 81' lang='lat' dir='ltr'>copu-</span> 
     </span>
     <span class='ocr_line' id='line_1_52' title="bbox 1273 481 2036 533; baseline -0.001 -14"><span class='ocrx_word' id='word_1_283' title='bbox 1273 485 1420 530; x_wconf 81' lang='lat' dir='ltr'>labant,</span> <span class='ocrx_word' id='word_1_284' title='bbox 1465 498 1553 533; x_wconf 83' lang='lat' dir='ltr'>quae</span> <span class='ocrx_word' id='word_1_285' title='bbox 1598 482 1745 519; x_wconf 88' lang='lat' dir='ltr'>licentia</span> <span class='ocrx_word' id='word_1_286' title='bbox 1791 481 1902 518; x_wconf 88' lang='lat' dir='ltr'>adhuc</span> <span class='ocrx_word' id='word_1_287' title='bbox 1942 482 2036 518; x_wconf 79' lang='lat' dir='ltr'>inter</span> 
     </span>
     <span class='ocr_line' id='line_1_53' title="bbox 1273 532 2041 581; baseline -0.005 -10"><span class='ocrx_word' id='word_1_288' title='bbox 1273 549 1394 571; x_wconf 90' lang='lat' dir='ltr'>omnes</span> <span class='ocrx_word' id='word_1_289' title='bbox 1421 535 1490 570; x_wconf 88' lang='lat' dir='ltr'>fere</span> <span class='ocrx_word' id='word_1_290' title='bbox 1527 534 1686 570; x_wconf 88' lang='lat' dir='ltr'>Orientis</span> <span class='ocrx_word' id='word_1_291' title='bbox 1713 535 1746 568; x_wconf 72' lang='grc' dir='ltr'>ὃ(</span> <span class='ocrx_word' id='word_1_292' title='bbox 1784 532 1928 568; x_wconf 79' lang='lat' dir='ltr'>Africae</span> <span class='ocrx_word' id='word_1_293' title='bbox 1954 541 2041 581; x_wconf 69' lang='lat' dir='ltr'>gen-⁴</span> 
     </span>
     <span class='ocr_line' id='line_1_54' title="bbox 1274 583 2036 634; baseline -0.001 -13"><span class='ocrx_word' id='word_1_294' title='bbox 1274 595 1323 621; x_wconf 89' lang='lat' dir='ltr'>tes</span> <span class='ocrx_word' id='word_1_295' title='bbox 1352 585 1552 634; x_wconf 70' lang='lat' dir='ltr'>usurpatur.</span> <span class='ocrx_word' id='word_1_296' title='bbox 1591 587 1715 632; x_wconf 87' lang='lat' dir='ltr'>Neque</span> <span class='ocrx_word' id='word_1_297' title='bbox 1744 583 1837 618; x_wconf 82' lang='lat' dir='ltr'>secus</span> <span class='ocrx_word' id='word_1_298' title='bbox 1873 583 2036 620; x_wconf 80' lang='lat' dir='ltr'>suadebat</span> 
     </span>
     <span class='ocr_line' id='line_1_55' title="bbox 1273 633 2036 681; baseline -0.007 -9"><span class='ocrx_word' id='word_1_299' title='bbox 1273 646 1332 672; x_wconf 89' lang='lat' dir='ltr'>aut</span> <span class='ocrx_word' id='word_1_300' title='bbox 1359 636 1555 677; x_wconf 78' lang='lat' dir='ltr'>imperabat</span> <span class='ocrx_word' id='word_1_301' title='bbox 1583 648 1704 670; x_wconf 89' lang='lat' dir='ltr'>eorum</span> <span class='ocrx_word' id='word_1_302' title='bbox 1733 633 1903 681; x_wconf 80' lang='lat' dir='ltr'>Religio,</span> <span class='ocrx_word' id='word_1_303' title='bbox 1932 633 2036 681; x_wconf 84' lang='lat' dir='ltr'>quip-</span> 
     </span>
     <span class='ocr_line' id='line_1_56' title="bbox 1274 683 2036 734; baseline -0.005 -12"><span class='ocrx_word' id='word_1_304' title='bbox 1274 701 1312 734; x_wconf 90' lang='lat' dir='ltr'>pe</span> <span class='ocrx_word' id='word_1_305' title='bbox 1342 688 1522 722; x_wconf 88' lang='lat' dir='ltr'>Idolorum</span> <span class='ocrx_word' id='word_1_306' title='bbox 1560 685 1673 721; x_wconf 87' lang='lat' dir='ltr'>cultui</span> <span class='ocrx_word' id='word_1_307' title='bbox 1707 685 1865 732; x_wconf 85' lang='lat' dir='ltr'>plerique</span> <span class='ocrx_word' id='word_1_308' title='bbox 1901 683 2036 719; x_wconf 74' lang='lat' dir='ltr'>addiffi</span> 
     </span>
     <span class='ocr_line' id='line_1_57' title="bbox 1272 734 2037 783; baseline -0.001 -12"><span class='ocrx_word' id='word_1_309' title='bbox 1272 736 1439 771; x_wconf 88' lang='lat' dir='ltr'>vivebant</span> <span class='ocrx_word' id='word_1_310' title='bbox 1455 764 1466 780; x_wconf 94' lang='lat'>,</span> <span class='ocrx_word' id='word_1_311' title='bbox 1494 738 1527 771; x_wconf 71' lang='grc' dir='ltr'>δε</span> <span class='ocrx_word' id='word_1_312' title='bbox 1553 735 1769 771; x_wconf 86' lang='lat' dir='ltr'>Christianae</span> <span class='ocrx_word' id='word_1_313' title='bbox 1789 734 1877 783; x_wconf 82' lang='lat' dir='ltr'>legis</span> <span class='ocrx_word' id='word_1_314' title='bbox 1898 734 2037 770; x_wconf 85' lang='lat' dir='ltr'>institu-</span> 
     </span>
     <span class='ocr_line' id='line_1_58' title="bbox 1273 784 2033 822; baseline -0.007 -2"><span class='ocrx_word' id='word_1_315' title='bbox 1273 796 1305 820; x_wconf 87' lang='lat' dir='ltr'>ta</span> <span class='ocrx_word' id='word_1_316' title='bbox 1333 786 1396 821; x_wconf 85' lang='lat' dir='ltr'>vix</span> <span class='ocrx_word' id='word_1_317' title='bbox 1425 787 1465 821; x_wconf 91' lang='lat' dir='ltr'>de</span> <span class='ocrx_word' id='word_1_318' title='bbox 1499 786 1644 822; x_wconf 87' lang='lat' dir='ltr'>nomine</span> <span class='ocrx_word' id='word_1_319' title='bbox 1671 794 1818 820; x_wconf 72' lang='lat' dir='ltr'>norant.</span> <span class='ocrx_word' id='word_1_320' title='bbox 1856 784 1952 819; x_wconf 87' lang='lat' dir='ltr'>Hinc</span> <span class='ocrx_word' id='word_1_321' title='bbox 1979 784 2033 820; x_wconf 87' lang='lat' dir='ltr'>su.</span> 
     </span>
     <span class='ocr_line' id='line_1_59' title="bbox 1273 835 2034 884; baseline -0.008 -12"><span class='ocrx_word' id='word_1_322' title='bbox 1273 850 1330 884; x_wconf 88' lang='lat' dir='ltr'>pra</span> <span class='ocrx_word' id='word_1_323' title='bbox 1352 837 1496 872; x_wconf 87' lang='lat' dir='ltr'>modum</span> <span class='ocrx_word' id='word_1_324' title='bbox 1525 836 1688 872; x_wconf 59' lang='lat' dir='ltr'>adauecus</span> <span class='ocrx_word' id='word_1_325' title='bbox 1714 835 1946 871; x_wconf 87' lang='lat' dir='ltr'>Barbarorum</span> <span class='ocrx_word' id='word_1_326' title='bbox 1970 848 2034 870; x_wconf 84' lang='lat' dir='ltr'>nu-</span> 
     </span>
     <span class='ocr_line' id='line_1_60' title="bbox 1273 885 2034 933; baseline -0.003 -12"><span class='ocrx_word' id='word_1_327' title='bbox 1273 900 1408 923; x_wconf 89' lang='lat' dir='ltr'>merus.</span> <span class='ocrx_word' id='word_1_328' title='bbox 1452 890 1631 923; x_wconf 84' lang='lat' dir='ltr'>Praeterea</span> <span class='ocrx_word' id='word_1_329' title='bbox 1659 886 1681 921; x_wconf 88' lang='lat' dir='ltr'>fi</span> <span class='ocrx_word' id='word_1_330' title='bbox 1710 899 1797 933; x_wconf 88' lang='lat' dir='ltr'>quae</span> <span class='ocrx_word' id='word_1_331' title='bbox 1825 895 1922 920; x_wconf 85' lang='lat' dir='ltr'>erant</span> <span class='ocrx_word' id='word_1_332' title='bbox 1949 885 2034 920; x_wconf 86' lang='lat' dir='ltr'>Tri-</span> 
     </span>
     <span class='ocr_line' id='line_1_61' title="bbox 1272 935 2033 979; baseline 0 -8"><span class='ocrx_word' id='word_1_333' title='bbox 1272 938 1332 972; x_wconf 85' lang='lat' dir='ltr'>bus</span> <span class='ocrx_word' id='word_1_334' title='bbox 1369 938 1472 973; x_wconf 70' lang='lat' dir='ltr'>unica</span> <span class='ocrx_word' id='word_1_335' title='bbox 1511 951 1620 973; x_wconf 85' lang='lat' dir='ltr'>uxore</span> <span class='ocrx_word' id='word_1_336' title='bbox 1657 946 1871 979; x_wconf 86' lang='lat' dir='ltr'>contentae,</span> <span class='ocrx_word' id='word_1_337' title='bbox 1916 935 2033 971; x_wconf 89' lang='lat' dir='ltr'>homi-</span> 
     </span>
     <span class='ocr_line' id='line_1_62' title="bbox 1273 985 2031 1036; baseline -0.003 -14"><span class='ocrx_word' id='word_1_338' title='bbox 1273 1001 1354 1022; x_wconf 90' lang='lat' dir='ltr'>num</span> <span class='ocrx_word' id='word_1_339' title='bbox 1391 988 1525 1023; x_wconf 87' lang='lat' dir='ltr'>robusta</span> <span class='ocrx_word' id='word_1_340' title='bbox 1563 1000 1735 1036; x_wconf 89' lang='lat' dir='ltr'>corpora,</span> <span class='ocrx_word' id='word_1_341' title='bbox 1773 987 1806 1020; x_wconf 75' lang='lat'>8&lt;</span> <span class='ocrx_word' id='word_1_342' title='bbox 1844 985 1885 1021; x_wconf 86' lang='lat' dir='ltr'>ad</span> <span class='ocrx_word' id='word_1_343' title='bbox 1923 999 2031 1021; x_wconf 91' lang='lat' dir='ltr'>annos</span> 
     </span>
     <span class='ocr_line' id='line_1_63' title="bbox 1275 1036 2031 1086; baseline -0.001 -14"><span class='ocrx_word' id='word_1_344' title='bbox 1275 1038 1392 1073; x_wconf 78' lang='lat' dir='ltr'>viriles</span> <span class='ocrx_word' id='word_1_345' title='bbox 1430 1040 1634 1086; x_wconf 89' lang='lat' dir='ltr'>plerumque</span> <span class='ocrx_word' id='word_1_346' title='bbox 1668 1037 1801 1072; x_wconf 82' lang='lat' dir='ltr'>servata</span> <span class='ocrx_word' id='word_1_347' title='bbox 1829 1037 1847 1071; x_wconf 68' lang='lat' dir='ltr'>a</span> <span class='ocrx_word' id='word_1_348' title='bbox 1883 1036 2031 1072; x_wconf 86' lang='lat' dir='ltr'>Veneris</span> 
     </span>
     <span class='ocr_line' id='line_1_64' title="bbox 1271 1086 2032 1135; baseline -0.007 -12"><span class='ocrx_word' id='word_1_349' title='bbox 1271 1088 1329 1124; x_wconf 89' lang='lat' dir='ltr'>usu</span> <span class='ocrx_word' id='word_1_350' title='bbox 1366 1088 1511 1131; x_wconf 84' lang='lat' dir='ltr'>illaesa,</span> <span class='ocrx_word' id='word_1_351' title='bbox 1548 1087 1767 1124; x_wconf 82' lang='lat' dir='ltr'>numerosam</span> <span class='ocrx_word' id='word_1_352' title='bbox 1805 1086 1916 1134; x_wconf 88' lang='lat' dir='ltr'>postea</span> <span class='ocrx_word' id='word_1_353' title='bbox 1953 1100 2032 1135; x_wconf 85' lang='lat' dir='ltr'>pro-</span> 
     </span>
     <span class='ocr_line' id='line_1_65' title="bbox 1271 1136 2032 1188; baseline -0.005 -14"><span class='ocrx_word' id='word_1_354' title='bbox 1271 1141 1338 1174; x_wconf 88' lang='lat' dir='ltr'>lem</span> <span class='ocrx_word' id='word_1_355' title='bbox 1368 1139 1576 1188; x_wconf 79' lang='lat' dir='ltr'>conjugibus</span> <span class='ocrx_word' id='word_1_356' title='bbox 1601 1139 1787 1187; x_wconf 87' lang='lat' dir='ltr'>parabant.</span> <span class='ocrx_word' id='word_1_357' title='bbox 1815 1139 1935 1172; x_wconf 88' lang='lat' dir='ltr'>Tanto</span> <span class='ocrx_word' id='word_1_358' title='bbox 1963 1136 2032 1185; x_wconf 82' lang='lat' dir='ltr'>igi-</span> 
     </span>
    </p>
   </div>
   <div class='ocr_carea' id='block_1_6' title="bbox 1233 1187 2032 1238">
    <p class='ocr_par' dir='ltr' id='par_1_6' title="bbox 1233 1187 2032 1238">
     <span class='ocr_line' id='line_1_66' title="bbox 1233 1187 2032 1238; baseline -0.001 -15"><span class='ocrx_word' id='word_1_359' title='bbox 1233 1230 1239 1236; x_wconf 33' lang='grc' dir='ltr'><em>Δ</em></span> <span class='ocrx_word' id='word_1_360' title='bbox 1270 1199 1325 1225; x_wconf 80' lang='lat' dir='ltr'>tur</span> <span class='ocrx_word' id='word_1_361' title='bbox 1355 1189 1485 1224; x_wconf 91' lang='lat' dir='ltr'>sobolis</span> <span class='ocrx_word' id='word_1_362' title='bbox 1523 1198 1710 1238; x_wconf 80' lang='lat' dir='ltr'>augmento</span> <span class='ocrx_word' id='word_1_363' title='bbox 1748 1187 1885 1235; x_wconf 78' lang='lat' dir='ltr'>angusta</span> <span class='ocrx_word' id='word_1_364' title='bbox 1922 1187 2032 1223; x_wconf 88' lang='lat' dir='ltr'>inter-</span> 
     </span>
    </p>
   </div>
   <div class='ocr_carea' id='block_1_7' title="bbox 1261 1238 2032 2540">
    <p class='ocr_par' dir='ltr' id='par_1_7' title="bbox 1261 1238 2032 2540">
     <span class='ocr_line' id='line_1_67' title="bbox 1269 1238 2032 1286; baseline -0.003 -13"><span class='ocrx_word' id='word_1_365' title='bbox 1269 1241 1348 1274; x_wconf 79' lang='lat' dir='ltr'>dum</span> <span class='ocrx_word' id='word_1_366' title='bbox 1378 1240 1565 1276; x_wconf 81' lang='lat' dir='ltr'>videbatur</span> <span class='ocrx_word' id='word_1_367' title='bbox 1588 1252 1708 1275; x_wconf 85' lang='lat' dir='ltr'>eorum</span> <span class='ocrx_word' id='word_1_368' title='bbox 1736 1238 1859 1286; x_wconf 78' lang='lat' dir='ltr'>regio,</span> <span class='ocrx_word' id='word_1_369' title='bbox 1886 1251 1925 1272; x_wconf 86' lang='lat' dir='ltr'>ac</span> <span class='ocrx_word' id='word_1_370' title='bbox 1953 1250 2032 1285; x_wconf 90' lang='lat' dir='ltr'>pro-</span> 
     </span>
     <span class='ocr_line' id='line_1_68' title="bbox 1269 1288 2031 1338; baseline -0.005 -13"><span class='ocrx_word' id='word_1_371' title='bbox 1269 1300 1383 1338; x_wconf 84' lang='lat' dir='ltr'>pterea</span> <span class='ocrx_word' id='word_1_372' title='bbox 1420 1304 1503 1338; x_wconf 87' lang='lat' dir='ltr'>gens</span> <span class='ocrx_word' id='word_1_373' title='bbox 1539 1288 1700 1325; x_wconf 84' lang='lat' dir='ltr'>universa</span> <span class='ocrx_word' id='word_1_374' title='bbox 1735 1288 1935 1336; x_wconf 84' lang='lat' dir='ltr'>insurgens,</span> <span class='ocrx_word' id='word_1_375' title='bbox 1974 1300 2031 1334; x_wconf 89' lang='lat' dir='ltr'>pe-</span> 
     </span>
     <span class='ocr_line' id='line_1_69' title="bbox 1268 1336 2030 1389; baseline -0.005 -14"><span class='ocrx_word' id='word_1_376' title='bbox 1268 1340 1504 1389; x_wconf 81' lang='lat' dir='ltr'>regrinatione</span> <span class='ocrx_word' id='word_1_377' title='bbox 1525 1339 1592 1375; x_wconf 85' lang='lat' dir='ltr'>slve</span> <span class='ocrx_word' id='word_1_378' title='bbox 1621 1338 1834 1386; x_wconf 80' lang='lat' dir='ltr'>migratione</span> <span class='ocrx_word' id='word_1_379' title='bbox 1855 1336 2030 1384; x_wconf 67' lang='lat' dir='ltr'>suscepta,</span> 
     </span>
     <span class='ocr_line' id='line_1_70' title="bbox 1268 1387 2032 1425; baseline 0 -2"><span class='ocrx_word' id='word_1_380' title='bbox 1268 1391 1303 1424; x_wconf 90' lang='lat' dir='ltr'>in</span> <span class='ocrx_word' id='word_1_381' title='bbox 1332 1401 1483 1425; x_wconf 86' lang='lat' dir='ltr'>remotas</span> <span class='ocrx_word' id='word_1_382' title='bbox 1521 1389 1728 1425; x_wconf 86' lang='lat' dir='ltr'>Provincias</span> <span class='ocrx_word' id='word_1_383' title='bbox 1756 1388 1788 1423; x_wconf 92' lang='lat' dir='ltr'>se</span> <span class='ocrx_word' id='word_1_384' title='bbox 1819 1387 1851 1423; x_wconf 89' lang='lat' dir='ltr'>se</span> <span class='ocrx_word' id='word_1_385' title='bbox 1878 1387 2032 1423; x_wconf 86' lang='lat' dir='ltr'>effunde-</span> 
     </span>
     <span class='ocr_line' id='line_1_71' title="bbox 1269 1437 2031 1484; baseline -0.004 -12"><span class='ocrx_word' id='word_1_386' title='bbox 1269 1441 1326 1472; x_wconf 79' lang='lat' dir='ltr'>bat</span> <span class='ocrx_word' id='word_1_387' title='bbox 1343 1465 1353 1481; x_wconf 86' lang='lat'>‚</span> <span class='ocrx_word' id='word_1_388' title='bbox 1379 1437 1562 1483; x_wconf 65' lang='lat' dir='ltr'>viaosque</span> <span class='ocrx_word' id='word_1_389' title='bbox 1589 1438 1773 1484; x_wconf 86' lang='lat' dir='ltr'>indigenas</span> <span class='ocrx_word' id='word_1_390' title='bbox 1815 1437 1912 1472; x_wconf 87' lang='lat' dir='ltr'>aliud</span> <span class='ocrx_word' id='word_1_391' title='bbox 1938 1439 2031 1473; x_wconf 83' lang='lat' dir='ltr'>Coe.</span> 
     </span>
     <span class='ocr_line' id='line_1_72' title="bbox 1267 1485 2029 1534; baseline 0.001 -12"><span class='ocrx_word' id='word_1_392' title='bbox 1267 1489 1340 1522; x_wconf 92' lang='lat' dir='ltr'>lum</span> <span class='ocrx_word' id='word_1_393' title='bbox 1368 1501 1532 1534; x_wconf 83' lang='lat' dir='ltr'>quaerere</span> <span class='ocrx_word' id='word_1_394' title='bbox 1549 1515 1558 1531; x_wconf 93' lang='lat'>,</span> <span class='ocrx_word' id='word_1_395' title='bbox 1590 1496 1649 1522; x_wconf 88' lang='lat' dir='ltr'>aut</span> <span class='ocrx_word' id='word_1_396' title='bbox 1677 1486 1739 1521; x_wconf 88' lang='lat' dir='ltr'>fibi</span> <span class='ocrx_word' id='word_1_397' title='bbox 1768 1487 1860 1521; x_wconf 93' lang='lat' dir='ltr'>colla</span> <span class='ocrx_word' id='word_1_398' title='bbox 1888 1485 2029 1523; x_wconf 89' lang='lat' dir='ltr'>subdere</span> 
     </span>
     <span class='ocr_line' id='line_1_73' title="bbox 1266 1536 2031 1585; baseline 0.001 -13"><span class='ocrx_word' id='word_1_399' title='bbox 1266 1538 1432 1585; x_wconf 86' lang='lat' dir='ltr'>cogebat.</span> <span class='ocrx_word' id='word_1_400' title='bbox 1462 1537 1641 1573; x_wconf 86' lang='lat' dir='ltr'>Interdum</span> <span class='ocrx_word' id='word_1_401' title='bbox 1664 1536 1773 1573; x_wconf 88' lang='lat' dir='ltr'>etiarn</span> <span class='ocrx_word' id='word_1_402' title='bbox 1798 1536 1948 1572; x_wconf 85' lang='lat' dir='ltr'>sortibus</span> <span class='ocrx_word' id='word_1_403' title='bbox 1968 1537 2031 1573; x_wconf 85' lang='lat' dir='ltr'>du-</span> 
     </span>
     <span class='ocr_line' id='line_1_74' title="bbox 1265 1588 2030 1636; baseline 0 -13"><span class='ocrx_word' id='word_1_404' title='bbox 1265 1588 1331 1622; x_wconf 65' lang='lat' dir='ltr'>&lt;stis</span> <span class='ocrx_word' id='word_1_405' title='bbox 1374 1601 1449 1636; x_wconf 86' lang='lat' dir='ltr'>pars</span> <span class='ocrx_word' id='word_1_406' title='bbox 1491 1601 1611 1623; x_wconf 88' lang='lat' dir='ltr'>eorum</span> <span class='ocrx_word' id='word_1_407' title='bbox 1649 1588 1815 1633; x_wconf 86' lang='lat' dir='ltr'>antiquos</span> <span class='ocrx_word' id='word_1_408' title='bbox 1854 1588 2030 1624; x_wconf 88' lang='lat' dir='ltr'>retinebat</span> 
     </span>
     <span class='ocr_line' id='line_1_75' title="bbox 1267 1637 2028 1686; baseline 0.003 -14"><span class='ocrx_word' id='word_1_409' title='bbox 1267 1639 1381 1686; x_wconf 79' lang='lat' dir='ltr'>lares;</span> <span class='ocrx_word' id='word_1_410' title='bbox 1411 1638 1547 1685; x_wconf 89' lang='lat' dir='ltr'>reliqua</span> <span class='ocrx_word' id='word_1_411' title='bbox 1577 1652 1658 1673; x_wconf 87' lang='lat' dir='ltr'>vero</span> <span class='ocrx_word' id='word_1_412' title='bbox 1687 1638 1871 1673; x_wconf 89' lang='lat' dir='ltr'>meliorem</span> <span class='ocrx_word' id='word_1_413' title='bbox 1899 1637 1962 1673; x_wconf 88' lang='lat' dir='ltr'>fibi</span> <span class='ocrx_word' id='word_1_414' title='bbox 1989 1638 2028 1674; x_wconf 86' lang='lat' dir='ltr'>in</span> 
     </span>
     <span class='ocr_line' id='line_1_76' title="bbox 1266 1687 2029 1735; baseline 0.005 -12"><span class='ocrx_word' id='word_1_415' title='bbox 1266 1688 1390 1723; x_wconf 87' lang='lat' dir='ltr'>alienis</span> <span class='ocrx_word' id='word_1_416' title='bbox 1427 1687 1554 1723; x_wconf 89' lang='lat' dir='ltr'>finibus</span> <span class='ocrx_word' id='word_1_417' title='bbox 1599 1688 1776 1724; x_wconf 83' lang='lat' dir='ltr'>fortunam</span> <span class='ocrx_word' id='word_1_418' title='bbox 1817 1689 2029 1735; x_wconf 80' lang='lat' dir='ltr'>quaerebat.</span> 
     </span>
     <span class='ocr_line' id='line_1_77' title="bbox 1267 1738 2028 1786; baseline -0.001 -13"><span class='ocrx_word' id='word_1_419' title='bbox 1267 1739 1362 1774; x_wconf 86' lang='lat' dir='ltr'>Hinc</span> <span class='ocrx_word' id='word_1_420' title='bbox 1390 1738 1547 1785; x_wconf 84' lang='lat' dir='ltr'>antiquis</span> <span class='ocrx_word' id='word_1_421' title='bbox 1572 1738 1790 1786; x_wconf 90' lang='lat' dir='ltr'>temporibus</span> <span class='ocrx_word' id='word_1_422' title='bbox 1817 1746 1873 1773; x_wconf 91' lang='lat' dir='ltr'>tot</span> <span class='ocrx_word' id='word_1_423' title='bbox 1902 1739 2028 1776; x_wconf 84' lang='lat' dir='ltr'>Barba-</span> 
     </span>
     <span class='ocr_line' id='line_1_78' title="bbox 1266 1788 2027 1836; baseline 0.003 -13"><span class='ocrx_word' id='word_1_424' title='bbox 1266 1790 1416 1825; x_wconf 86' lang='lat' dir='ltr'>ricarum</span> <span class='ocrx_word' id='word_1_425' title='bbox 1444 1789 1604 1835; x_wconf 75' lang='lat' dir='ltr'>gentium</span> <span class='ocrx_word' id='word_1_426' title='bbox 1635 1797 1779 1831; x_wconf 87' lang='lat' dir='ltr'>motus,</span> <span class='ocrx_word' id='word_1_427' title='bbox 1815 1788 1914 1836; x_wconf 88' lang='lat' dir='ltr'>iique</span> <span class='ocrx_word' id='word_1_428' title='bbox 1941 1789 2027 1825; x_wconf 87' lang='lat' dir='ltr'>sem-</span> 
     </span>
     <span class='ocr_line' id='line_1_79' title="bbox 1266 1838 2025 1887; baseline 0 -12"><span class='ocrx_word' id='word_1_429' title='bbox 1266 1854 1325 1887; x_wconf 87' lang='lat' dir='ltr'>per</span> <span class='ocrx_word' id='word_1_430' title='bbox 1360 1838 1476 1875; x_wconf 89' lang='lat' dir='ltr'>versus</span> <span class='ocrx_word' id='word_1_431' title='bbox 1512 1839 1768 1875; x_wconf 83' lang='lat' dir='ltr'>Meridionales</span> <span class='ocrx_word' id='word_1_432' title='bbox 1804 1840 1949 1887; x_wconf 85' lang='lat' dir='ltr'>plagas,</span> <span class='ocrx_word' id='word_1_433' title='bbox 1990 1842 2025 1875; x_wconf 75' lang='grc' dir='ltr'>δε</span> 
     </span>
     <span class='ocr_line' id='line_1_80' title="bbox 1266 1889 2026 1939; baseline 0.001 -14"><span class='ocrx_word' id='word_1_434' title='bbox 1266 1890 1373 1936; x_wconf 85' lang='lat' dir='ltr'>ipsam</span> <span class='ocrx_word' id='word_1_435' title='bbox 1403 1889 1618 1939; x_wconf 83' lang='lat' dir='ltr'>potiffimum</span> <span class='ocrx_word' id='word_1_436' title='bbox 1646 1889 1811 1934; x_wconf 86' lang='lat' dir='ltr'>Italiam,</span> <span class='ocrx_word' id='word_1_437' title='bbox 1840 1903 1928 1937; x_wconf 88' lang='lat' dir='ltr'>quae</span> <span class='ocrx_word' id='word_1_438' title='bbox 1955 1903 2026 1938; x_wconf 90' lang='lat' dir='ltr'>quo</span> 
     </span>
     <span class='ocr_line' id='line_1_81' title="bbox 1265 1940 2026 1988; baseline -0.004 -12"><span class='ocrx_word' id='word_1_439' title='bbox 1265 1940 1419 1977; x_wconf 87' lang='lat' dir='ltr'>fertilior</span> <span class='ocrx_word' id='word_1_440' title='bbox 1439 1955 1476 1977; x_wconf 89' lang='lat' dir='ltr'>ac</span> <span class='ocrx_word' id='word_1_441' title='bbox 1502 1940 1705 1985; x_wconf 88' lang='lat' dir='ltr'>amoenior,</span> <span class='ocrx_word' id='word_1_442' title='bbox 1736 1953 1777 1976; x_wconf 90' lang='lat' dir='ltr'>eo</span> <span class='ocrx_word' id='word_1_443' title='bbox 1798 1941 1912 1988; x_wconf 89' lang='lat' dir='ltr'>plures</span> <span class='ocrx_word' id='word_1_444' title='bbox 1932 1954 2026 1977; x_wconf 85' lang='lat' dir='ltr'>ama-</span> 
     </span>
     <span class='ocr_line' id='line_1_82' title="bbox 1265 1990 1973 2027; baseline -0.001 0"><span class='ocrx_word' id='word_1_445' title='bbox 1265 1991 1327 2027; x_wconf 85' lang='lat' dir='ltr'>fios</span> <span class='ocrx_word' id='word_1_446' title='bbox 1354 1993 1388 2027; x_wconf 87' lang='lat'>&amp;</span> <span class='ocrx_word' id='word_1_447' title='bbox 1417 2001 1499 2027; x_wconf 90' lang='lat' dir='ltr'>vota</span> <span class='ocrx_word' id='word_1_448' title='bbox 1528 1990 1741 2025; x_wconf 89' lang='lat' dir='ltr'>ferventiora</span> <span class='ocrx_word' id='word_1_449' title='bbox 1769 1990 1973 2026; x_wconf 84' lang='lat' dir='ltr'>excitabat.</span> 
     </span>
     <span class='ocr_line' id='line_1_83' title="bbox 1316 2039 2026 2078; baseline -0.003 -2"><span class='ocrx_word' id='word_1_450' title='bbox 1316 2045 1398 2077; x_wconf 85' lang='lat' dir='ltr'>Non</span> <span class='ocrx_word' id='word_1_451' title='bbox 1436 2041 1640 2076; x_wconf 87' lang='lat' dir='ltr'>memorabo</span> <span class='ocrx_word' id='word_1_452' title='bbox 1675 2039 1754 2075; x_wconf 82' lang='lat' dir='ltr'>heic</span> <span class='ocrx_word' id='word_1_453' title='bbox 1789 2041 1899 2075; x_wconf 85' lang='lat' dir='ltr'>Celtas</span> <span class='ocrx_word' id='word_1_454' title='bbox 1933 2041 2026 2078; x_wconf 79' lang='lat' dir='ltr'>anti-</span> 
     </span>
     <span class='ocr_line' id='line_1_84' title="bbox 1264 2092 2024 2140; baseline 0 -12"><span class='ocrx_word' id='word_1_455' title='bbox 1264 2092 1462 2139; x_wconf 85' lang='lat' dir='ltr'>quiffimam</span> <span class='ocrx_word' id='word_1_456' title='bbox 1499 2100 1669 2140; x_wconf 84' lang='lat' dir='ltr'>gentem,</span> <span class='ocrx_word' id='word_1_457' title='bbox 1710 2104 1900 2138; x_wconf 89' lang='lat' dir='ltr'>eorumque</span> <span class='ocrx_word' id='word_1_458' title='bbox 1935 2092 2024 2140; x_wconf 83' lang='lat' dir='ltr'>gesta</span> 
     </span>
     <span class='ocr_line' id='line_1_85' title="bbox 1263 2141 2025 2192; baseline -0.005 -14"><span class='ocrx_word' id='word_1_459' title='bbox 1263 2145 1296 2178; x_wconf 71' lang='grc' dir='ltr'>ὅ(</span> <span class='ocrx_word' id='word_1_460' title='bbox 1326 2142 1515 2192; x_wconf 70' lang='lat' dir='ltr'>progressus</span> <span class='ocrx_word' id='word_1_461' title='bbox 1543 2142 1581 2178; x_wconf 91' lang='lat' dir='ltr'>in</span> <span class='ocrx_word' id='word_1_462' title='bbox 1610 2142 1757 2177; x_wconf 88' lang='lat' dir='ltr'>nostram</span> <span class='ocrx_word' id='word_1_463' title='bbox 1779 2141 1883 2188; x_wconf 89' lang='lat' dir='ltr'>usque</span> <span class='ocrx_word' id='word_1_464' title='bbox 1911 2142 2025 2190; x_wconf 81' lang='lat' dir='ltr'>regio.</span> 
     </span>
     <span class='ocr_line' id='line_1_86' title="bbox 1265 2191 2023 2240; baseline -0.001 -11"><span class='ocrx_word' id='word_1_465' title='bbox 1265 2207 1370 2229; x_wconf 87' lang='lat' dir='ltr'>nem:</span> <span class='ocrx_word' id='word_1_466' title='bbox 1410 2207 1518 2240; x_wconf 89' lang='lat' dir='ltr'>quum</span> <span class='ocrx_word' id='word_1_467' title='bbox 1548 2193 1643 2228; x_wconf 89' lang='lat' dir='ltr'>enim</span> <span class='ocrx_word' id='word_1_468' title='bbox 1671 2192 1713 2227; x_wconf 83' lang='lat' dir='ltr'>de</span> <span class='ocrx_word' id='word_1_469' title='bbox 1741 2205 1858 2227; x_wconf 88' lang='lat' dir='ltr'>earum</span> <span class='ocrx_word' id='word_1_470' title='bbox 1886 2191 2023 2228; x_wconf 89' lang='lat' dir='ltr'>sedibus</span> 
     </span>
     <span class='ocr_line' id='line_1_87' title="bbox 1266 2241 2022 2289; baseline -0.003 -9"><span class='ocrx_word' id='word_1_471' title='bbox 1266 2246 1375 2280; x_wconf 88' lang='lat' dir='ltr'>multa</span> <span class='ocrx_word' id='word_1_472' title='bbox 1403 2244 1443 2279; x_wconf 88' lang='lat' dir='ltr'>fit</span> <span class='ocrx_word' id='word_1_473' title='bbox 1471 2241 1722 2284; x_wconf 76' lang='lat' dir='ltr'>controversia,</span> <span class='ocrx_word' id='word_1_474' title='bbox 1751 2241 1876 2289; x_wconf 88' lang='lat' dir='ltr'>eosque</span> <span class='ocrx_word' id='word_1_475' title='bbox 1902 2243 2022 2278; x_wconf 81' lang='lat' dir='ltr'>Gallia</span> 
     </span>
     <span class='ocr_line' id='line_1_88' title="bbox 1264 2291 2020 2337; baseline -0.003 -7"><span class='ocrx_word' id='word_1_476' title='bbox 1264 2295 1323 2330; x_wconf 83' lang='lat' dir='ltr'>sibi</span> <span class='ocrx_word' id='word_1_477' title='bbox 1352 2294 1550 2337; x_wconf 81' lang='lat' dir='ltr'>adscribat,</span> <span class='ocrx_word' id='word_1_478' title='bbox 1579 2294 1631 2329; x_wconf 85' lang='lat' dir='ltr'>nil</span> <span class='ocrx_word' id='word_1_479' title='bbox 1661 2293 1789 2328; x_wconf 84' lang='lat' dir='ltr'>mirum</span> <span class='ocrx_word' id='word_1_480' title='bbox 1818 2292 1841 2327; x_wconf 76' lang='lat' dir='ltr'>sl</span> <span class='ocrx_word' id='word_1_481' title='bbox 1869 2291 2020 2328; x_wconf 81' lang='lat' dir='ltr'>finitimi</span> 
     </span>
     <span class='ocr_line' id='line_1_89' title="bbox 1266 2343 2020 2391; baseline -0.005 -10"><span class='ocrx_word' id='word_1_482' title='bbox 1266 2345 1391 2391; x_wconf 84' lang='lat' dir='ltr'>Populi</span> <span class='ocrx_word' id='word_1_483' title='bbox 1434 2344 1609 2380; x_wconf 89' lang='lat' dir='ltr'>finitimos</span> <span class='ocrx_word' id='word_1_484' title='bbox 1653 2343 1832 2379; x_wconf 81' lang='lat' dir='ltr'>invasere.</span> <span class='ocrx_word' id='word_1_485' title='bbox 1877 2343 2020 2377; x_wconf 71' lang='lat' dir='ltr'>Cimbros</span> 
     </span>
     <span class='ocr_line' id='line_1_90' title="bbox 1263 2393 2020 2444; baseline -0.007 -13"><span class='ocrx_word' id='word_1_486' title='bbox 1263 2397 1406 2444; x_wconf 82' lang='lat' dir='ltr'>potius,</span> <span class='ocrx_word' id='word_1_487' title='bbox 1434 2405 1472 2431; x_wconf 88' lang='lat' dir='ltr'>ut</span> <span class='ocrx_word' id='word_1_488' title='bbox 1501 2395 1588 2431; x_wconf 85' lang='lat' dir='ltr'>alios</span> <span class='ocrx_word' id='word_1_489' title='bbox 1615 2395 1781 2429; x_wconf 80' lang='lat' dir='ltr'>omittam</span> <span class='ocrx_word' id='word_1_490' title='bbox 1798 2422 1808 2438; x_wconf 93' lang='lat'>,</span> <span class='ocrx_word' id='word_1_491' title='bbox 1849 2406 1888 2428; x_wconf 83' lang='lat' dir='ltr'>ac.</span> <span class='ocrx_word' id='word_1_492' title='bbox 1916 2393 2020 2427; x_wconf 77' lang='lat' dir='ltr'>Theu-</span> 
     </span>
     <span class='ocr_line' id='line_1_91' title="bbox 1262 2442 2019 2492; baseline -0.001 -12"><span class='ocrx_word' id='word_1_493' title='bbox 1262 2459 1370 2491; x_wconf 80' lang='lat' dir='ltr'>tones‚</span> <span class='ocrx_word' id='word_1_494' title='bbox 1407 2448 1584 2483; x_wconf 71' lang='lat' dir='ltr'>Ambrones</span> <span class='ocrx_word' id='word_1_495' title='bbox 1612 2445 1766 2481; x_wconf 87' lang='lat' dir='ltr'>indicare</span> <span class='ocrx_word' id='word_1_496' title='bbox 1802 2444 1927 2492; x_wconf 82' lang='lat' dir='ltr'>juvat,</span> <span class='ocrx_word' id='word_1_497' title='bbox 1955 2442 2019 2490; x_wconf 85' lang='lat' dir='ltr'>qui</span> 
     </span>
     <span class='ocr_line' id='line_1_92' title="bbox 1261 2492 2018 2540; baseline -0.008 -7"><span class='ocrx_word' id='word_1_498' title='bbox 1261 2498 1303 2533; x_wconf 84' lang='lat' dir='ltr'>ab</span> <span class='ocrx_word' id='word_1_499' title='bbox 1329 2497 1497 2533; x_wconf 79' lang='lat' dir='ltr'>extremis</span> <span class='ocrx_word' id='word_1_500' title='bbox 1523 2496 1731 2533; x_wconf 86' lang='lat' dir='ltr'>Germaniae</span> <span class='ocrx_word' id='word_1_501' title='bbox 1764 2495 1891 2531; x_wconf 88' lang='lat' dir='ltr'>finibus</span> <span class='ocrx_word' id='word_1_502' title='bbox 1918 2492 2018 2540; x_wconf 82' lang='lat' dir='ltr'>supra</span> 
     </span>
    </p>
   </div>
   <div class='ocr_carea' id='block_1_8' title="bbox 1260 2541 2016 2635">
    <p class='ocr_par' dir='ltr' id='par_1_8' title="bbox 1260 2541 2016 2635">
     <span class='ocr_line' id='line_1_93' title="bbox 1260 2541 2016 2628; baseline 0 -44"><span class='ocrx_word' id='word_1_503' title='bbox 1260 2557 1496 2599; x_wconf 76' lang='lat' dir='ltr'>trecentorum</span> <span class='ocrx_word' id='word_1_504' title='bbox 1539 2547 1697 2600; x_wconf 77' lang='lat' dir='ltr'>millium</span> <span class='ocrx_word' id='word_1_505' title='bbox 1736 2556 1945 2628; x_wconf 39' lang='lat' dir='ltr'>numerumn?</span> <span class='ocrx_word' id='word_1_506' title='bbox 1990 2541 2016 2587; x_wconf 75' lang='lat' dir='ltr'>fi</span> 
     </span>
     <span class='ocr_line' id='line_1_94' title="bbox 1871 2605 1972 2635; baseline -0.03 -4"><span class='ocrx_word' id='word_1_507' title='bbox 1871 2606 1915 2631; x_wconf 67' lang='lat' dir='ltr'>VC</span> <span class='ocrx_word' id='word_1_508' title='bbox 1934 2605 1972 2635; x_wconf 56' lang='lat' dir='ltr'>eq</span> 
     </span>
    </p>
   </div>
  </div>
 </body>
</html>
