2195 3032
513 232 601 284 40⁴3

759 225 1198 282 ANTIQUIT.
1259 225 1508 271 MEDII
1564 227 1755 271 AEVI

1909 238 1996 287 404

471 313 477 330 .·
506 289 641 334 Signum
668 297 778 319 manus
812 284 1018 330 suprascripti
1053 284 1274 329 Alberti‚'A
1303 286 1426 323 habeat
1453 288 1490 323 in
1518 288 1678 324 omnium
1715 291 1951 325 monumentis
1988 290 2059 326 nai-¹

556 337 612 383 qui
638 337 689 369 hoc
713 334 839 380 pastum
856 361 866 377 ,
906 345 943 368 ut
962 333 1108 380 superius
1133 335 1212 382 legi·

554 397 607 421 tur
627 413 637 428 ,
672 384 752 429 fieri
794 384 920 431 rogavit
941 411 951 429 ,
992 385 1035 418 (9‘
1070 385 1099 419 ei
1138 386 1211 420 rele-

557 436 639 470 &um
667 435 730 477 est.

506 487 610 535 Signa
636 499 784 520 manuum
811 485 950 533 Btaelgari
974 487 1014 521 de
1046 489 1211 521 Nonam-

556 539 612 581 la,
641 537 684 570 (9⁵
710 537 881 581 Mansredi
906 538 942 571 de
968 538 1138 580 Sorbaria,
1158 538 1213 584 qui

557 589 592 622 in
618 587 667 622 his
693 589 858 631 omnibus,
891 587 972 628 ficut
1000 588 1144 634 superius
1169 589 1211 622 le-

554 638 666 685 gitur,
693 638 794 685 rogati
813 638 891 683 sunt
917 638 1023 679 testes.

505 691 576 735 Ego
603 689 787 724 Bernardus
813 702 908 723 manu
935 702 1002 722 mea
1024 687 1210 733 subscripsi.

452 781 457 786 ι
505 740 711 774 Rotechildus
754 739 908 773 Notarius
951 740 1041 773 Sacri
1085 738 1213 774 Palatii

549 789 699 835 scrt‘pfit‚
721 789 788 836 post
814 790 967 824 traditum
986 789 1152 836 complevit
1172 789 1213 822 <9¹

555 841 646 874 dedit
661 867 670 875 .

508 893 609 936 Quae
637 890 715 926 heic
752 891 948 939 appellatur
983 890 1113 925 Civitas
1148 893 1209 924 No-

457 955 527 985 va,
556 940 674 976 eadem
703 940 768 985 est,
805 942 901 989 cujus
928 942 1081 977 occurrit
1119 954 1210 975 men-

454 991 509 1026 tio
536 991 573 1026 in
601 991 828 1027 Testamento
847 993 969 1028 Caroli
991 991 1117 1040 Magni
1139 993 1210 1026 An-

455 1055 503 1077 no
534 1043 731 1077 DCCCVI.
761 1041 848 1090 apud
887 1042 1072 1078 Baluzium
1106 1043 1213 1076 Tom.

457 1093 486 1127 Ι.
515 1105 591 1140 pag,
619 1105 704 1139 442.
725 1093 921 1140 Capitular.
944 1096 1026 1140 Reg.
1050 1095 1210 1127 Francor.

452 1141 663 1177 Iflutinenlis
681 1156 775 1177 emm
797 1143 920 1191 Populi
939 1157 1012 1190 pars
1034 1156 1103 1190 quo
1125 1153 1207 1177 tem-

452 1205 537 1240 pore
564 1205 683 1228 eorum
712 1193 853 1228 Civitas
880 1194 899 1228 ὲ
926 1194 1069 1229 Graecis
1098 1194 1207 1228 Bono-

454 1242 535 1278 niae
557 1251 661 1290 atque
679 1242 715 1277 in
733 1242 933 1279 Exarchatu
949 1243 1212 1279 dominantibus

453 1292 648 1328 identidem
677 1295 891 1337 vexabatur,
920 1293 1087 1340 fimulque
1108 1295 1126 1328 ὲ
1148 1294 1210 1328 cir-

455 1341 727 1378 cumfluentibus
759 1342 878 1378 fluviis
917 1343 1096 1390 exlegibus
1124 1342 1210 1378 afflia

456 1392 534 1437 eia,
552 1393 735 1441 paludibus
752 1393 1022 1440 circumquaque
1041 1392 1213 1427 obfideba-

455 1453 535 1483 tur,
564 1445 651 1478 lares
677 1443 877 1480 transtulere
898 1443 938 1478 ad
958 1445 1075 1478 locum
1097 1443 1214 1490 paucis

455 1494 616 1529 minibus
639 1493 791 1542 passuum
813 1494 854 1529 ab
876 1494 970 1529 Urbe
990 1493 1100 1528 nostra
1121 1493 1210 1528 diffi-

456 1553 532 1580 tum
555 1544 595 1579 ad
617 1543 846 1579 Occidentem
876 1544 912 1578 in
939 1545 1007 1579 Via
1033 1544 1212 1585 Aemilia,

457 1608 561 1642 quam
582 1594 752 1629 Claudiam
767 1596 1000 1642 appellamus:
1017 1594 1137 1643 ibique
1153 1594 1212 1630 Ci-

457 1645 571 1680 vitate
596 1644 787 1680 construc‘ia
806 1658 931 1679 nomen
953 1646 1032 1679 loco
1057 1645 1212 1680 indidere

455 1695 614 1729 Civitatis
650 1698 791 1738 Novae,
835 1695 927 1742 quod
965 1694 1074 1730 adhuc
1112 1695 1210 1730 durat

455 1745 516 1780 sub
545 1745 717 1780 vocabulo
754 1746 976 1780 einamma.
1013 1745 1130 1781 Hodie
1159 1745 1207 1780 ni-

454 1795 508 1830 hil
537 1795 631 1830 aliud
660 1797 677 1829 ὲ
707 1804 761 1830 tot
783 1795 953 1830 aedificiis
976 1795 1138 1843 superest,
1160 1797 1207 1831 ni-

457 1845 480 1880 si
507 1846 698 1893 Templum
721 1845 923 1880 Parochiale
944 1845 1004 1881 sub
1025 1845 1211 1891 Archipre—

456 1895 590 1941 sbyteri
627 1908 730 1930 cura.
767 1897 820 1930 De
848 1895 907 1930 ista
935 1896 1095 1931 Civitate
1123 1898 1207 1932 mul-

456 1956 511 1981 tus
532 1945 600 1981 erit
628 1945 718 1981 mihi
749 1945 857 1981 sermo
886 1947 922 1981 in
952 1946 1091 1982 Differt.
1118 1949 1211 1982 XXI.

456 1998 495 2031 de
521 1997 652 2043 antiquo
676 1997 791 2031 Italiae
809 1997 898 2038 statu
914 2023 921 2031 .
961 1996 1117 2032 Ducibus
1155 1998 1210 2033 ha-

455 2046 576 2082 &tenus
605 2046 889 2082 commemoratis
917 2047 1066 2094 denique
1087 2047 1206 2082 adden-

455 2097 492 2133 di
519 2096 598 2132 sunt
627 2097 824 2131 Vmetiarum
851 2100 953 2131 Duces
969 2125 980 2141 ‚
1017 2097 1208 2146 antiquiffi·

454 2147 506 2182 mi
533 2148 567 2182 δ(
595 2146 680 2195 ipfi,
708 2160 857 2195 quorum
876 2147 965 2183 illud
988 2148 1210 2196 praecipuum

455 2197 557 2233 decus
584 2197 629 2233 est
656 2197 697 2233 ad
725 2197 857 2233 nostros
884 2197 988 2245 usque
1015 2198 1088 2234 dies
1115 2197 1209 2234 suam

454 2248 670 2284 continuasse
698 2247 818 2284 seriem
846 2248 967 2284 ordine
995 2262 1066 2284 non
1102 2248 1207 2284 inter·

454 2308 582 2346 rupto.
622 2301 715 2336 Nam
743 2299 905 2346 quamvis
942 2312 985 2334 ne
1017 2299 1105 2334 olim
1133 2300 1209 2346 qui-

455 2348 534 2383 dem
562 2349 589 2384 ii
617 2350 831 2398 pertinerent
869 2349 909 2385 ad
944 2352 1103 2398 Regnum
1142 2352 1209 2385 Ita-

455 2398 547 2442 liae,
574 2399 612 2434 in
641 2400 744 2436 Italia
772 2409 888 2436 tamen
916 2410 1036 2448 erant3
1059 2414 1097 2436 ac
1118 2413 1208 2449 prae-

453 2457 549 2484 terea
576 2449 681 2498 digna
708 2450 745 2486 in
773 2450 896 2499 primis
924 2450 969 2487 est
995 2451 1130 2495 inclyta
1166 2450 1208 2486 il-

456 2500 512 2543 la,
539 2499 573 2534 8(
601 2501 620 2534 ὲ
648 2507 702 2535 tot
729 2502 881 2537 Saeculis
908 2501 1057 2550 gloriosa
1083 2501 1210 2549 Respu-

456 2552 550 2590 blica
572 2577 584 2595 .
624 2562 712 2600 quae
749 2560 880 2589 veteres
915 2552 993 2590 suos
1031 2552 1210 2603 Principes

1244 1193 1270 1204 ρ

1242 1208 1271 1225 k,

1302 337 1397 374 nime
1423 339 1620 388 negle&os.
1656 341 1730 382 jam
1759 338 1797 373 in
1834 338 1972 374 Differt.
2008 343 2056 376 ΙΙ.

1299 392 1338 421 tle
1357 393 1461 435 Regu.
1482 391 1556 425 Ital.
1579 390 1722 433 monui,
1743 391 1960 424 Venetorum
1981 392 2055 425 Du-

1301 451 1354 474 ces
1383 439 1516 476 Italicis
1542 441 1694 489 Regibus
1719 452 1896 487 nunquam
1928 439 2068 487 paruis-.

1301 488 1357 537 seg
1385 489 1490 538 idque
1517 492 1730 527 luculentius
1766 488 1966 525 confirmari
1995 503 2057 537 po-

1301 539 1361 574 test
1396 553 1439 575 ex
1476 541 1683 586 Diplomate
1722 540 1879 576 concesso
1915 540 2058 576 circiter

1301 591 1446 625 Annum
1489 593 1703 627 DCCCXL.
1746 592 1765 625 h
1806 590 1979 626 Lothario
2026 593 2054 625 1.

1305 639 1458 687 Augusto
1472 642 1574 675 Petro
1587 640 1815 676 Venetiarum
1832 641 1923 676 Duci
1936 669 1945 685 ‚
1962 640 2055 688 quod

1305 690 1407 725 habes
1446 690 1483 725 in
1519 691 1688 726 Annalib.
1731 693 1856 726 Venet.
1893 691 2055 727 Andreae

1304 740 1457 775 Danduli
1485 742 1603 776 Tomo
1633 743 1711 777 XII.
1741 744 1819 777 Rer.
1847 741 2000 777 Italicar.
2024 743 2058 776 1-

1303 790 1336 825 bi
1378 802 1592 827 memoratur
1629 794 1700 828 Pax
1741 791 1831 827 inita
1868 792 1887 826 a
1923 793 2056 827 carolo

1302 843 1435 889 Magno
1462 856 1541 877 cum
1570 842 1842 891 Imperatoribus
1872 841 2055 885 Orientis,

1302 895 1555 938 quemadmodum
1581 894 1767 940 temporibus
1784 892 1861 927 Avi
1880 892 1974 935 nostri
1993 896 2056 927 Cn-

1304 943 1361 976 roli
1383 954 1439 989 per
1464 945 1616 977 decretum
1642 957 1707 978 cura
1743 943 1868 977 Graecis
1897 943 2056 986 sancitum

1299 991 1509 1038 pqffederunt.
1546 993 1608 1028 Sed
1637 993 1721 1040 quid
1750 992 1787 1027 in
1815 1005 1852 1027 ea
1882 994 1969 1027 Pace
1997 993 2054 1027 de-

1301 1053 1432 1078 cretum
1460 1042 1526 1078 est?
1567 1045 1641 1078 Nos
1669 1043 1746 1078 heic
1773 1041 1934 1078 edocebit
1961 1042 2055 1078 idern

1304 1093 1483 1129 Dandulus
1510 1093 1593 1129 Lib.
1622 1096 1654 1130 8.
1683 1107 1756 1140 cap.
1788 1104 1818 1128 Ι.
1846 1092 1886 1127 de
1914 1092 1985 1140 ipsa
2013 1092 2057 1127 il-

1301 1144 1334 1177 la
1365 1146 1450 1179 Pace
1479 1143 1649 1179 scribens:
1689 1148 1750 1178 Per
1775 1144 1827 1177 hoc
1853 1143 1965 1189 quippe
1992 1146 2057 1177 De.

1300 1206 1411 1228 cretum
1438 1195 1569 1229 Carolus
1588 1196 1783 1240 approbans,
1804 1195 1884 1240 quod
1909 1207 1973 1227 cnm
1993 1194 2057 1227 Ni.

1298 1245 1418 1290 ecphoro
1444 1244 1548 1279 aequm
1570 1245 1701 1288 fuerat,
1737 1247 1864 1279 Novam
1894 1244 2054 1277 Venetiam

1296 1297 1317 1327 ἁ
1338 1295 1373 1339 se
1398 1295 1583 1338 abdicavit,
1607 1295 1791 1341 permittens
1819 1296 1944 1327 Venetos
1970 1307 2054 1327 amo-

1298 1345 1336 1377 do
1357 1355 1414 1390 per
1439 1354 1536 1377 totum
1566 1345 1759 1378 occidentale
1795 1344 1961 1388 Imperium
1996 1354 2056 1377 tei*-

1301 1406 1351 1427 νας
1393 1407 1448 1428 itas
1471 1394 1643 1440 poſjidere,
1681 1394 1723 1426 ἐφ
1750 1393 1818 1427 illis
1845 1393 2056 1426 numanitati-

1301 1445 1356 1477 bus
1379 1445 1535 1489 gaudere,
1563 1444 1674 1490 quibus
1694 1444 1754 1488 sub
1781 1446 1963 1477 Graecormn
1984 1443 2056 1476 uni-

1299 1494 1417 1539 versali
1443 1495 1577 1540 Imperio
1598 1495 1738 1540 gaudere
1756 1494 1848 1538 soliti
1874 1503 1980 1528 eram.
2003 1492 2057 1528 Si-

1305 1545 1389 1580 mile
1408 1572 1417 1587 ,
1449 1545 1562 1579 immo
1590 1544 1740 1592 amplius
1777 1543 2008 1591 Privilegium
2037 1543 2057 1577 ὲ

1304 1596 1434 1631 carolo
1461 1594 1580 1630 Crasso
1608 1594 1764 1643 Augusto
1788 1593 1910 1629 retulit
1930 1593 2058 1637 johan-

1301 1659 1359 1681 nes
1389 1646 1617 1681 Venetiarum
1651 1647 1731 1680 Dux
1760 1647 1868 1679 Anno
1905 1645 2056 1679 DCCC·

1301 1698 1501 1732 Lxxxur.
1531 1694 1625 1742 quod
1662 1694 1761 1729 nobis
1789 1693 1881 1728 idem
1910 1693 2054 1728 Dandu-

1300 1748 1351 1781 lus
1381 1745 1549 1781 servavit.
1588 1746 1644 1780 Ac
1671 1743 1871 1792 praesertim
1900 1743 2023 1778 mirere
2041 1771 2052 1787 ,

1299 1796 1391 1844 quod
1418 1796 1468 1831 ibi
1498 1795 1664 1842 scriptum
1692 1794 1758 1837 est,
1786 1792 1922 1828 scilicet
1949 1802 1987 1829 ut
2015 1793 2054 1828 in

1301 1859 1518 1894 quacumque
1545 1854 1640 1893 parte
1669 1843 1782 1892 Regni
1810 1843 1928 1879 Italici
1956 1843 2055 1879 inve-

1304 1898 1460 1932 nirentur
1501 1894 1662 1939 Veneti,
1699 1893 1727 1930 ii
1765 1892 1875 1929 adhuc
1911 1894 2056 1929 Ditioni

1305 1947 1413 1982 Ducis
1440 1945 1585 1995 subjecii
1613 1945 1744 1989 essent,
1781 1954 1884 1992 atque
1912 1944 1955 1979 ab
1981 1944 2058 1993 ipso

1305 1997 1490 2045 puniendi:
1523 2010 1609 2044 quae
1638 1994 1867 2043 intelligenda
1903 2008 1980 2030 reor
2014 1994 2057 2030 de

1303 2048 1488 2083 rebellibus
1518 2060 1554 2082 ac
1583 2045 1745 2095 fugitivis
1773 2044 1942 2088 Venetis,
1977 2044 2057 2091 qui-

1303 2099 1365 2133 bus
1392 2112 1434 2133 ne
1461 2098 1498 2133 in
1526 2097 1627 2132 terris
1654 2095 1795 2144 quidem
1833 2094 1950 2130 Italici
1989 2097 2056 2130 Re-

1302 2148 1360 2197 gni
1389 2148 1456 2183 five
1478 2147 1629 2183 Romani
1652 2145 1795 2194 Imperii
1816 2144 1948 2191 asylum
1972 2157 2055 2180 con-

1302 2199 1513 2235 cedebatur.
1552 2197 1642 2232 Vide
1684 2195 1813 2244 pariter
1851 2195 1889 2230 in
1931 2195 2054 2231 eodem

1301 2249 1480 2284 Chronico
1517 2248 1685 2295 Diploma
1720 2245 1867 2281 ottonis
1904 2247 1967 2281 III.
1995 2244 2053 2281 da·

1301 2309 1374 2334 rum
1409 2301 1512 2333 Petro
1550 2297 1777 2333 venetiarum
1817 2296 1908 2331 Duci
1945 2298 2053 2332 Anno

1302 2350 1582 2385 DCCCCXCH.
1610 2347 1709 2383 Olim
1737 2360 1818 2395 ergo
1846 2354 1943 2382 extra
1967 2347 2052 2383 fines

1300 2399 1416 2434 Italici
1446 2398 1580 2448 Regni,
1607 2399 1641 2433 3<
1669 2398 1842 2433 immunes
1869 2398 1888 2431 ὲ
1915 2398 2050 2434 ditione

1301 2453 1433 2498 Regum
1463 2450 1666 2485 Italicorum
1694 2447 1787 2484 fuere
1815 2448 1963 2484 Veneti:
1994 2463 2052 2485 ve.

1300 2503 1376 2536 rum
1403 2514 1446 2536 an
1473 2501 1491 2535 ὲ
1519 2503 1731 2535 Graecorum
1767 2498 1938 2548 imperio,
1975 2514 2051 2550 pro·

1279 2547 1467 2595 lteffiionis
1494 2550 1616 2590 saltem
1641 2551 1717 2601 jure
1751 2549 1960 2638 pendersent,
1991 2553 2055 2610 οἀί.

1886 2610 2002 2652 putari
