2195 3032
463 227 1002 272 DISSERTATIO
1052 227 1336 272 PRIMA..

1594 242 1648 282 34

101 293 203 341 (erat
230 291 288 327 hic
316 287 477 327 Rollonis
508 287 616 322 Primi
647 288 755 323 Ducis
784 290 851 323 Ne·
888 290 915 324 A
947 288 1101 334 Scriptor
1129 287 1270 335 quidem
1301 285 1466 327 Italicus,
1495 283 1549 319 sed
1586 297 1705 334 perve-

99 345 191 393 pos)
234 342 372 378 circiter
411 342 556 374 Annum
606 340 853 374 DCCCCXC.

102 408 155 430 res
180 393 282 442 gestas
308 393 608 426 Nortmannorum
635 389 748 423 literis
775 402 853 423 con-

103 443 271 492 signavit,
302 440 493 483 Scanziam,
514 439 571 483 seu
605 439 856 474 Scandinaviam

103 494 251 529 Insulam
279 489 411 536 (quam
439 490 594 536 vaginam
621 489 793 533 Gentium,
821 491 852 524 8<

103 542 259 579 omnium
306 540 533 574 Barbarorum
583 539 754 586 patriam,
801 539 854 574 sed

101 603 276 642 perperam
290 617 298 631 ‚
314 599 447 624 veteres
464 589 655 637 Scriptores
676 589 854 637 fecerunt)

101 657 121 678 a
144 641 293 675 Danubio
320 641 363 673 ad
387 640 525 685 Scythici
550 640 642 685 usque
666 640 762 673 Ponti
788 654 850 674 con-

92 690 212 736 finium
243 689 414 735 diffusam,
442 699 557 724 ortum
593 689 719 725 dediffe
747 692 851 725 Nort-

100 739 237 775 mannis
259 739 398 774 scribit.
423 741 482 781 Est
506 751 609 774 aurem
629 740 675 774 ibi
699 740 774 787 (ita
795 740 855 776 ille

99 790 240 838 subdit)
268 789 385 824 traHus
413 790 661 836 quamplurimus
688 791 854 834 Alaniae,

92 840 232 887 situsque
267 840 398 873 nimium
433 840 567 886 copiosus
593 841 735 884 Daciae,
762 852 854 886 atque

98 901 218 925 meatus
257 890 388 923 multum
423 890 566 937 profusus
603 892 732 925 Getiae.
776 892 853 926 Illic

99 953 181 988 ergo
207 940 236 975 is
262 941 413 975 collocat
442 954 510 974 non
539 944 639 974 Dacos
663 940 772 976 solum
801 941 853 976 sed

98 991 206 1026 etiam
234 993 350 1034 Getas,
378 991 433 1035 qui
460 992 501 1024 (9¹
528 992 643 1035 Gothi,
668 994 854 1036 Sarmatas,

98 1041 318 1084 Amabaxios,
360 1042 582 1087 Trogloditas‚
625 1042 668 1075 Θ·
701 1043 853 1077 Alanos.

100 1092 306 1126 Praelertim
345 1104 426 1126 vero
463 1105 505 1127 ex
543 1093 677 1134 Davia,
709 1092 774 1127 hoc
811 1093 855 1128 est

98 1141 236 1184 Dania,
271 1144 510 1177 Nortmannos
547 1142 692 1188 erupisse
727 1142 854 1178 refert.

97 1191 302 1226 VVillelmus
339 1193 443 1226 etiam
483 1192 766 1228 Gemmiticenfis
803 1207 852 1228 ea-

98 1240 175 1275 dem
202 1242 349 1289 repetit,
376 1255 413 1276 ac
442 1244 682 1278 Nortmannos
706 1245 856 1290 originem

97 1295 203 1325 ducere
237 1294 258 1325 ἂ
293 1292 404 1325 Gothis
440 1291 561 1329 scribit
598 1295 681 1330 Lib.
715 1296 740 1329 I.
769 1297 854 1338 Cap.

98 1342 161 1375 IV.
190 1341 321 1376 Histor.
350 1344 544 1378 Normann.
572 1358 784 1391 quamquam
813 1346 847 1380 il-

97 1391 150 1425 los
178 1391 214 1425 in
243 1392 346 1425 Dacia
383 1402 542 1433 tantum,
570 1407 649 1439 quae
674 1395 716 1427 ἄν
743 1398 852 1429 Dana·

98 1441 243 1483 marcha,
271 1441 419 1475 statuat.
448 1443 586 1486 Quibus
616 1442 754 1489 positis,
784 1444 850 1490 jarn

97 1489 238 1533 videas,
265 1490 508 1537 ampliffimam
538 1492 716 1539 regionem
745 1494 852 1528 tribui

98 1541 358 1584 Nortmannis,
399 1541 691 1577 Meridionalium
742 1543 851 1590 postea

97 1591 297 1637 Regnorum
326 1591 614 1637 occupatoribus:
642 1605 680 1626 ac
710 1592 852 1637 proinde

95 1638 284 1673 verifimiie
321 1639 506 1674 admodum
535 1639 600 1684 est,
629 1640 741 1686 Ruffos
768 1655 850 1689 quo-

94 1701 183 1737 que,
220 1688 276 1724 seu
314 1688 554 1733 Moscovitas,
592 1703 630 1725 ac
665 1695 850 1736 Sarmatas,

94 1739 137 1774 ad
165 1738 319 1774 eamdem
350 1739 508 1786 praedam
539 1742 767 1786 concurrisse,
796 1754 848 1778 ut-

92 1798 176 1837 pote
204 1788 264 1835 qui
291 1790 360 1837 jam
398 1799 482 1826 tunc
509 1790 550 1825 ad
581 1791 756 1827 Balticum
774 1821 784 1837 ‚
812 1793 847 1828 fi-

93 1850 138 1874 ve
178 1839 360 1875 Codanum
404 1842 524 1886 Mare,
561 1842 594 1876 &
636 1844 679 1876 ad
712 1844 851 1889 Scythici

92 1889 187 1936 usque
213 1890 309 1923 Ponti
335 1889 503 1934 confimum
530 1894 749 1939 ex-Europae
776 1908 844 1941 par·
868 1914 870 1917 v

92 1947 129 1974 te
156 1940 412 1988 pertingerent,
439 1955 481 1977 ex
507 1941 607 1977 Afiae
637 1957 720 1979 vero
745 1944 849 1992 usque

92 1988 135 2025 ad
166 1991 316 2025 Pontum
347 1991 551 2039 Euxinum3
581 1995 719 2041 qualem
753 2009 845 2043 agro-

92 2052 170 2075 rum
190 2040 457 2088 amplitudinem
480 2042 591 2077 nostro
609 2057 748 2093 quoque
764 2056 842 2080 tem-

93 2102 199 2138 pore,
222 2090 337 2136 paucis
360 2092 525 2136 mutatis,
550 2095 643 2140 Ruffi
662 2095 850 2142 poffident.

93 2141 199 2175 Certe
236 2140 348 2185 Rulsos
383 2143 511 2182 etiam.
551 2154 588 2180 ut
627 2144 722 2193 supra
759 2146 844 2182 vidi-

93 2202 192 2235 mus,
218 2194 439 2228 Nordmannos
461 2204 564 2231 vocat
590 2196 851 2246 Liutprandus,

195 2597 286 2631 Tom.
316 2598 343 2633 Ῑ,

882 1198 911 1232 C

946 338 1072 381 tostus,
1099 339 1132 373 δε
1162 338 1198 373 ἱη
1227 336 1415 371 Germania
1446 335 1504 369 diu
1534 343 1638 381 atque
1666 334 1704 369 in

947 388 1092 423 Graecia
1129 387 1301 423 versatus.
1340 387 1438 421 Idem
1474 385 1586 420 Libro
1617 398 1705 431 quo-

947 452 1013 485 que
1051 440 1077 473 Ι.
1105 440 1192 486 Cap.
1221 439 1285 472 III.
1315 437 1356 472 de
1392 434 1704 481 Constantinopoli

949 487 1070 523 scribit
1097 488 1132 522 in
1160 488 1241 523 haec
1270 488 1373 523 verba
1402 488 1505 521 Habet
1532 487 1571 520 ab
1595 485 1705 532 Aqui-

947 539 1013 572 lone
1049 542 1243 585 I-Iungaros,
1280 539 1478 581 Pizenacm,
1515 536 1702 579 Chazaros,

948 589 1091 634 Ruffios,
1116 602 1189 635 quos
1215 588 1278 622 alio
1305 588 1424 621 nomine
1452 600 1504 620 nos
1531 589 1704 620 Nortman.

947 652 999 672 nos
1047 639 1242 684 appellamus
1261 663 1270 672 .
1320 639 1370 670 At
1419 636 1703 683 quandoquidem

946 691 1194 722 Normannorum
1244 687 1460 721 mentionem
1501 686 1598 729 feci,
1640 686 1703 733 qui.

945 738 1086 773 Graecis
1116 737 1285 785 Apuliam
1321 738 1354 771 δ(
1392 736 1616 778 Calabriam,
1650 738 1704 772 Si-

946 788 1066 823 ciliam
1103 801 1186 823 vero
1214 787 1389 823 Saracenis
1427 786 1569 822 Saeculo
1598 786 1703 821 Chri-

947 839 983 872 sti
1022 837 1221 874 Undecimo
1258 838 1480 886 eripuerunt,
1518 845 1621 882 atque
1657 849 1701 871 ex

947 889 999 923 his
1026 888 1307 923 florentissimum
1336 891 1494 936 Regnum
1518 885 1704 922 constitue-

947 949 1049 983 runt,
1077 939 1143 974 huc
1181 938 1306 974 inferre
1334 938 1435 973 statui
1473 938 1576 972 breve
1605 941 1704 971 Chro-

946 990 1032 1023 nicon
1059 990 1226 1033 ,Anonymi
1253 989 1421 1032 Barensts,
1449 987 1603 1023 nondum
1631 987 1704 1023 edi-

947 1049 1045 1083 tum,
1069 1040 1162 1087 quod
1190 1040 1299 1075 debeo
1325 1039 1530 1088 diligentiae
1556 1038 1702 1074 Nicolai

948 1089 1111 1135 Aloysla,
1154 1090 1225 1125 viri
1270 1090 1435 1138 antiquae
1479 1088 1702 1124 Eruditionis

945 1140 1195 1176 studioslffimi.
1235 1141 1326 1176 Illud
1365 1140 1436 1188 ipse
1471 1138 1645 1187 descripsit
1682 1141 1701 1174 ὲ

947 1191 1139 1227 Vaticanae
1168 1191 1410 1227 Bibliothecae
1437 1190 1570 1226 Codice
1595 1191 1703 1225 Msto

946 1242 1137 1286 Urbinate,
1167 1242 1202 1277 in
1231 1256 1300 1289 quo
1328 1242 1434 1277 etiam
1472 1241 1601 1289 legitur
1629 1242 1702 1276 Lu-

945 1292 977 1340 pi
1008 1292 1232 1340 Protospatae
1268 1291 1495 1335 Chronicon‚
1526 1293 1544 1325 ὲ
1573 1293 1700 1326 Carac-

942 1344 1036 1377 ciolo
1063 1345 1095 1377 δε
1137 1343 1337 1391 Peregrinio
1365 1352 1465 1378 antea
1502 1341 1595 1388 typis
1629 1350 1698 1375 tra-

941 1392 1053 1426 ditum
1067 1419 1074 1426 .
1093 1393 1229 1427 Αιιξὶοι·
1249 1393 1367 1435 illius,
1385 1401 1423 1427 ut
1438 1391 1599 1434 videtur,
1616 1392 1699 1425 Mo-

942 1441 1069 1476 nachus
1113 1442 1317 1477 Monasterii
1359 1440 1509 1476 Barensis
1551 1441 1697 1476 Ordinis

940 1491 1056 1526 Sancti
1094 1492 1296 1527 Benedicti.
1332 1492 1454 1526 Simile
1490 1491 1697 1526 Chronicon

938 1542 1120 1588 evulgavit
1140 1542 1229 1575 olim
1256 1541 1349 1575 idem
1377 1540 1617 1588 Peregrinius,
1643 1550 1696 1575 at-

936 1603 1002 1637 que
1030 1590 1119 1624 illud
1156 1590 1259 1625 habes
1294 1603 1368 1638 pag.
1400 1602 1479 1637 147.
1507 1591 1617 1626 Tomi
1647 1592 1693 1627 V.

938 1642 1066 1675 Rerum
1104 1641 1328 1675 Italicarum:
1360 1642 1394 1675 &
1425 1640 1566 1688 quidem
1596 1649 1694 1676 utro-

937 1690 1039 1737 bique
1082 1692 1193 1726 multa
1229 1700 1416 1727 occurrunt
1458 1690 1578 1726 iisdem
1621 1691 1693 1727 fere

935 1742 1049 1776 verbis
1077 1751 1250 1777 enarrata.
1290 1743 1460 1777 Attamen
1498 1755 1569 1776 non
1596 1755 1693 1777 eum.

936 1791 1013 1827 dem
1051 1793 1114 1828 effe
1151 1791 1329 1839 utriusque
1358 1792 1527 1840 Opusculi
1557 1792 1694 1828 Αιιξὶο.

936 1855 1029 1886 rem,
1055 1842 1158 1878 facile
1184 1842 1363 1891 intelligat
1387 1842 1544 1890 quisquis
1572 1844 1693 1878 ambo.

935 1907 1010 1928 rum
1040 1893 1275 1929 narrationem
1303 1892 1477 1928 conferat:
1507 1906 1546 1927 ac
1574 1893 1693 1940 proin-

936 1944 976 1979 de
1022 1945 1310 1992 supervacaneum
1364 1944 1511 1979 minime
1556 1942 1691 1988 fuerit,

936 1995 1025 2030 hunc
1053 1995 1161 2030 etiam
1199 1995 1235 2029 in
1271 1995 1385 2029 lucem
1424 1993 1582 2042 prodire,
1610 1994 1694 2029 reli-

935 2046 1013 2093 quis
1050 2045 1265 2088 addendum,
1293 2045 1354 2092 qui
1391 2044 1432 2080 de
1461 2044 1692 2092 Neapolitani

939 2096 1049 2145 Regni
1087 2099 1186 2132 rebus
1223 2095 1378 2143 antiqu³s
1415 2104 1577 2143 egerunt.
1616 2096 1692 2129 No-

937 2156 987 2182 tas
1021 2161 1159 2195 quoque
1196 2146 1305 2191 adjeci
1335 2148 1353 2180 a
1392 2145 1612 2193 praelaudato
1642 2146 1693 2180 A.

934 2196 1041 2244 loyfia
1067 2198 1105 2234 in
1132 2197 1225 2235 idem
1253 2196 1468 2247 Opusculum
1494 2194 1658 2245 scriptas.

1500 2604 1643 2642 ANos
