2195 3032
213 134 292 192 ς’
504 125 1063 170 DISSERTATIO
1120 124 1404 171 PRIMA:
1669 142 1699 177 ‘6

154 193 333 230 'veteribus
360 190 469 231 fides,
505 199 548 221 ne
576 185 741 221 foeminis
769 185 912 233 quidem
931 188 966 221 A

156 243 339 294 puerisque
365 236 575 281 computatis
592 264 602 280 ,
631 236 736 284 usque
764 237 801 272 in
829 238 910 272 Gal-

155 296 222 331 lias
258 296 290 329 8(
320 290 456 326 Italiam
494 296 742 335 penetrarunt,
779 287 912 333 rapinis

157 359 197 381 ac
218 342 373 380 caedibus
402 337 567 385 nusquam
590 348 787 385 parcentes.
816 340 909 373 Con-

155 395 241 443 tigit
262 393 324 425 hoc
344 399 483 424 centum
507 388 575 423 fere
596 388 696 423 annis
717 398 796 423 ante
819 390 910 437 Epo-

158 445 252 481 cham
281 439 434 475 Christi.
467 440 586 474 Tanta
615 453 697 474 vero
726 439 910 474 hominurn

157 490 347 530 multitudo
393 503 462 524 non
505 503 574 524 uno
611 490 747 537 proelio
789 490 912 525 attrita

153 542 199 578 est
226 544 243 575 a
275 540 392 575 Mario
430 540 646 587 potiffimum
682 542 716 575 &
754 542 912 584 Catulo,

153 590 348 628 fortiffimis
387 590 538 625 Romani
578 591 704 639 Populi
741 590 911 626 ducibus.

154 642 367 678 Procedente
396 644 479 676 vero
517 649 674 687 tempore
701 639 760 676 sub
790 642 910 690 Augu·

154 692 279 728 storum
306 690 457 739 imperio
486 691 527 726 ad
555 690 757 739 affligendas
785 694 909 727 Roma-

152 756 278 779 norum
315 741 519 777 Provincias
556 751 742 787 eruperunt
776 743 912 787 Alani,

151 794 253 829 suevi
267 821 277 837 ,
313 793 537 827 Marcomanni
553 820 562 836 ,
599 793 714 826 Heruli
729 821 739 836 ,
769 794 884 827 Hunni
899 821 908 837 ,

152 845 274 887 Gothi,
311 844 472 889 cepides,
515 845 783 889 Bmgundiones‚
823 844 910 878 Ala.

153 908 287 937 marim,
327 894 492 936 Vandali,
531 893 688 941 aliaeque
717 895 912 942 complures

154 945 350 987 Nationes,
372 956 517 990 quarum
541 945 726 979 nonnullas
747 943 887 989 Scythia
902 972 910 987 ,

152 1007 241 1042 quae
268 1008 358 1029 nunc
380 993 565 1037 ‘sarrai-ia,
594 995 679 1029 alias
702 997 910 1038 Succorum,

153 1047 360 1088 Danorum,
388 1058 427 1079 ac
455 1044 637 1079 Russorum
659 1044 778 1092 regio,
806 1046 839 1080 8<
861 1059 902 1079 rev

152 1095 266 1142 liquas
296 1095 424 1130 infima
454 1095 644 1130 Germania
671 1094 810 1130 emisit.
847 1096 908 1130 Sed
933 1100 962 1133 C

151 1158 360 1194 quamquam
399 1155 519 1193 gentes
555 1145 865 1194 Septemtrionales
893 1148 910 1180 ὲ

149 1208 272 1231 natura
314 1196 455 1244 quidem
497 1195 658 1240 viribus,
700 1196 923 1240 ferocitate‚.

150 1246 351 1295 patientia,
392 1245 539 1293 aliisque
576 1246 733 1294 corporis
768 1242 924 1315 dotibusl

151 1297 193 1332 ad
229 1310 350 1339 arma,
387 1311 425 1332 ac
454 1297 587 1345 proelia
624 1297 734 1332 fac-iae
769 1297 907 1332 videan—

148 1355 231 1382 tur:
271 1346 462 1393 saepissime
490 1357 607 1381 tamen
643 1347 852 1388 ostendunt,
880 1348 911 1379 se

150 1395 255 1430 facile
290 1395 465 1442 reprimi,
501 1407 540 1428 ac
579 1393 676 1428 vinci
713 1394 828 1441 posse.
865 1396 907 1427 Et

150 1458 295 1488 revera,
323 1445 432 1478 donec
460 1443 496 1478 in
526 1443 734 1479 Italicorum
760 1443 907 1489 pegiori„

152 1496 215 1531 bus
243 1495 407 1539 antiquae
440 1493 661 1528 fortitudinis
699 1493 829 1527 semina
858 1493 907 1527 vi-

148 1558 278 1593 guere,
317 1545 352 1578 8<
389 1543 556 1577 militaris
593 1541 779 1590 disciplina
820 1543 907 1589 apud
935 1545 965 1577 D

146 1594 240 1642 ipsos
267 1593 304 1628 in
326 1592 456 1627 honore
484 1591 574 1635 fuit,
602 1592 738 1640 gladios
765 1592 906 1639 quidem

145 1646 182 1680 δ(
213 1643 369 1678 flammas
394 1644 430 1678 in
459 1643 546 1677 hanc
571 1643 795 1678 Provinciam
826 1644 902 1678 Bar-

145 1694 222 1730 bari
258 1694 435 1729 intulere:
476 1703 511 1728 at
538 1692 616 1728 heic
645 1694 766 1740 pedem
803 1693 907 1742 figere

146 1745 194 1782 iis
221 1744 338 1780 datum
369 1757 439 1779 non
475 1743 545 1779 est.
582 1744 781 1779 Inclinante
808 1744 902 1779 dum-

146 1803 247 1831 taxat
273 1795 316 1830 ad
344 1794 450 1831 finem
487 1795 631 1830 Saeculo
661 1796 772 1829 Aerae
803 1794 904 1830 Chri-

147 1845 275 1881 stianae
311 1855 436 1892 quarto
471 1846 505 1879 8<
544 1845 692 1892 quingio
737 1845 904 1880 ineunte.

145 1903 203 1931 tot
230 1894 386 1944 Populi,
414 1904 517 1942 atque
551 1909 593 1930 ex
621 1905 676 1930 tot.
704 1896 921 1931 Borealibus¹

146 1945 263 1989 locis,
299 1958 369 1979 uno
397 1945 589 1991 eodemque
625 1955 783 1992 tempore
801 1974 825 1989 „
849 1959 903 1981 ve-

146 1996 216 2032 luti
244 1994 406 2031 conflatis
433 1994 614 2038 consiliis,
648 1994 808 2030 adversus
837 1999 958 2042 Ro-{E

144 2045 242 2080 mani
281 2044 425 2093 Imperii
458 2045 662 2080 Provincias
701 2059 794 2081 arma
831 2060 903 2082 mo-

144 2103 298 2139 verunt,
340 2104 380 2130 ut
416 2095 458 2130 ad
493 2109 613 2131 eorum
650 2096 823 2143 impetum
854 2112 902 2133 re-

143 2146 360 2181 tundendum
373 2174 384 2188 ,
411 2147 528 2182 nullus
548 2147 674 2182 exinde
694 2148 784 2182 obex
805 2159 905 2195 aptus

143 2194 271 2232 fuerit.
299 2200 408 2232 Anno
433 2197 579 2245 quidem
604 2199 787 2234 CCCCV.
813 2199 905 2235 Rha-

987 186 1150 254 idagasius
1175 188 1343 221 Gothorum
1364 189 1461 228 Rex,
1489 189 1550 236 qui
1580 189 1676 237 supra
1696 192 1760 228 du-v

987 249 1100 273 ¹centa
1127 250 1339 274 armatorum
1359 238 1544 274 hominum
1573 241 1688 277 millia
1709 242 1758 278 se-

998 300 1077 322 cum
1104 289 1244 324 traxisse
1271 289 1404 333 fertur,
1444 289 1584 338 jamque
1620 291 1657 326 in
1687 295 1757 328 Ita-

996 337 1065 373 liae
1101 339 1232 375 viscera
1268 350 1490 388 penetrarat,
1526 343 1545 375 ὲ
1583 342 1755 379 Stilicone

983 388 1217 436 isaniofiffimo
1238 390 1323 425 duce
1344 390 1499 425 mirabili
1527 391 1676 428 vffiioria
1697 394 1756 429 de-

994 440 1084 474 letus
1111 440 1148 475 in
1185 440 1315 476 Tuscia
1342 440 1435 476 fuit.
1477 441 1606 477 Nihilo
1634 453 1753 480 tamen

995 489 1103 526 secius
1139 491 1201 526 vix
1244 492 1345 538 pauci
1386 490 1599 527 effluxerunt
1640 495 1753 541 anni,

994 554 1102 588 quum
1138 541 1294 576 Alaricus
1321 542 1408 576 alter
1442 543 1611 577 Gothorum
1650 546 1754 590 Rex,

994 592 1035 625 ab
1062 591 1184 626 eodem
1213 590 1408 634 stilicone,
1439 592 1591 638 perfido,
1619 608 1658 628 ac
1682 608 1755 630 am..

995 640 1142 676 &itionis
1170 640 1302 676 facibus
1331 640 1490 676 succenso
1507 670 1517 685 ,
1545 643 1581 677 in
1612 647 1753 681 Italiam

994 690 1189 735 invitatus,
1214 694 1363 727 Romam
1383 691 1540 736 obsedit,
1568 694 1673 740 eaque
1698 710 1753 731 ca.

995 742 1051 789 ptci
1079 756 1117 778 ac
1153 743 1289 788 direpta
1316 745 1424 777 Anno
1461 745 1658 780 CCC-CIX.
1687 747 1754 781 mi.

995 793 1174 828 serabilem
1201 793 1291 828 Urbi
1320 793 1474 841 Reginae
1500 794 1650 829 Urbium
1676 796 1751 832 suae

994 843 1143 878 feritatis
1165 843 1396 887 memoriam,
1423 844 1456 877 ὃ(
1487 844 1672 880 Historicis
1694 860 1753 881 va-

995 893 1077 928 stum
1121 893 1362 929 funestiffimae
1408 894 1619 930 narrationis
1661 910 1754 932 cam-

995 957 1075 991 pum
1104 944 1250 991 reliquit
1267 972 1275 979 .

1041 994 1227 1029 Alaricum
1274 994 1387 1042 ipsum
1437 1006 1752 1033 commemoratum

993 1044 1156 1093 suspicari
1184 1045 1368 1093 quisquam
1405 1045 1508 1092 poffit
1536 1046 1573 1081 in
1602 1048 1753 1093 quadam

993 1109 1061 1131 non
1098 1096 1237 1145 vulgari
1282 1095 1540 1144 Inscriptione,
1576 1111 1680 1145 quam
1714 1099 1753 1134 in

992 1160 1074 1194 agro
1102 1145 1350 1194 Senogalliensi
1382 1146 1422 1181 ad
1451 1147 1568 1182 Sanffi
1597 1151 1754 1184 Lauren-

992 1198 1034 1232 tii
1063 1197 1101 1232 in
1138 1199 1275 1245 Campo
1311 1197 1591 1241 animadvertit,
1625 1202 1659 1234 δε
1697 1200 1755 1234 de.

993 1247 1153 1295 scriptam
1184 1249 1226 1283 ad
1254 1261 1309 1283 me
1355 1247 1448 1282 mifit
1484 1250 1599 1283 Lucas
1636 1251 1754 1284 Anto-

991 1298 1068 1333 nius
1096 1298 1277 1342 Gentilis,
1314 1297 1588 1345 Antiquitatum
1625 1298 1754 1334 studio-

992 1347 1071 1389 sus,
1098 1350 1132 1380 δ(
1162 1347 1342 1394 singularis
1380 1347 1513 1381 amicus
1549 1360 1671 1384 meus.
1712 1351 1754 1385 In

992 1396 1108 1430 antica
1144 1396 1272 1442 lapidis
1302 1395 1390 1430 facie
1425 1397 1607 1442 legebatur
1642 1400 1754 1434 altera.

994 1444 1179 1489 Inscriptio
1216 1444 1325 1492 posita
1360 1447 1405 1480 L.
1437 1446 1671 1481 OCTAVIO
1706 1451 1753 1485 L.

993 1497 1028 1527 F.
1063 1496 1191 1528 CAM.
1233 1496 1376 1528 RUFO.
1417 1495 1485 1528 &c.
1524 1508 1614 1542 quae
1657 1497 1754 1535 edita

990 1543 1059 1590 jam
1095 1542 1165 1578 fuit
1200 1543 1220 1577 ὲ
1257 1545 1435 1578 Grutero.
1478 1546 1576 1580 Haec
1613 1547 1751 1594 rarior,

990 1592 1072 1641 quia
1100 1592 1231 1629 Latina
1266 1594 1370 1628 verba
1396 1595 1540 1630 Graecis
1575 1595 1754 1635 chara&e.

991 1644 1084 1678 ribus
1111 1643 1264 1691 exprefl‘a
1291 1643 1405 1680 fuere.
1432 1645 1585 1691 Quando
1611 1659 1752 1694 autem,

989 1694 1023 1728 8<
1051 1707 1112 1730 cur
1146 1694 1334 1743 epigraphe
1367 1695 1450 1730 haec
1487 1709 1660 1733 marmore
1696 1699 1752 1735 in.

992 1744 1116 1792 scripta
1143 1744 1277 1790 fuerit,
1305 1759 1409 1781 nemo
1437 1745 1540 1782 facile
1566 1747 1751 1786 decernat.

992 1795 1148 1830 Indicare
1175 1795 1248 1843 ipsa
1275 1795 1416 1831 videtur
1436 1798 1567 1832 Arcem
1595 1798 1633 1833 in
1661 1800 1752 1836 mari.

990 1845 1277 1892 prominentem,
1324 1859 1429 1892 quam
1471 1847 1636 1883 Alaricus
1676 1853 1751 1885 Go-

976 1896 1130 1942 {thorum
1160 1899 1234 1932 Rex
1256 1896 1375 1931 frustra
1403 1898 1668 1945 expugnandam
1691 1913 1750 1936 cu.

975 1944 1108 2015 'ravim
1150 1948 1184 1981 S<
1220 1960 1308 1994 quae
1346 1946 1553 1995 procedente
1590 1958 1749 1997 tempore

974 1996 1029 2054 [ad
1070 1997 1244 2032 Civitatis
1284 1997 1453 2032 honorem
1494 1998 1615 2033 eveffi
1655 2000 1750 2049 adja-

975 2047 1146 2083 icen-tibus
1186 2048 1295 2083 etiam
1337 2047 1488 2096 Oppidis
1529 2048 1746 2094 imperavit,

987 2099 1040 2132 En
1076 2098 1186 2140 imam
1219 2098 1375 2134 aliorum
1408 2110 1549 2145 quoque
1584 2099 1745 2137 examini

974 2148 1206 2245 {expositam-

262 2277 452 2316 TANTI
477 2278 642 2319 KBEM
663 2281 751 2320 HK
774 2279 949 2320 KEPNI
967 2280 1236 2321 AIKBOPIE
1259 2278 1578 2320 KIPKBITBM
1599 2278 1744 2325 ΤΕΞῙ

144 2347 447 2396 iecest.·TANT1
486 2355 632 2390 CUEM
681 2358 731 2392 IC
783 2358 940 2392 CERNI
974 2357 1224 2393 AECUORIS
1267 2356 1562 2392 CIRCUITUM
1610 2358 1733 2396 TEXI

805 2439 874 2463 cern
879 2427 906 2462 is

410 2450 413 2453 »
463 2438 527 2477 pro
552 2427 656 2471 ,Quem
680 2426 732 2463 hio

1025 2428 1168 2475 aequoris

996 2501 1038 2540 A
1099 2512 1126 2541 2
1537 2501 1684 2544 ΣΒΑ-
