2195 3032
192 448 1080 542 DisSERTATtO
1166 450 1717 541 OCTAVA-a
1739 507 1769 534 .

368 672 380 679 γ
583 638 612 672 E
638 635 762 673 illustri
782 635 938 671 Comitum
960 637 994 672 A
1019 635 1159 673 neribus
1185 636 1431 686 fungerentur.
1460 640 1579 684 Quum
1607 654 1690 676 vero
1715 639 1780 677 fin-

601 701 741 723 munere
761 688 830 735 jam
849 700 933 723 non-

501 745 566 764 ⁵
600 739 697 774 nulla
727 737 866 773 disserui
897 738 933 773 in

515 787 545 814 ’κ
601 788 931 836 Antiquit.Estens.

484 828 535 886 ΑΗ
602 841 694 874 Part.
721 841 747 873 Ι.
772 840 859 886 Cap.
891 842 932 874 V.

500 886 535 927 31}
563 905 567 928 ·.
601 888 721 936 ibique
746 890 860 936 palam
890 888 933 924 fe-

404 973 426 985 d
478 951 532 986 μ’
604 939 659 983 ci,
688 939 759 987 post
786 939 932 974 declina-

603 989 738 1025 tionem
786 990 936 1036 Romani

589 1039 756 1075 Praesides
778 1039 845 1074 five
868 1043 928 1074 Re-

178 1089 291 1124 &ores
324 1091 492 1126 Urbium.
529 1090 606 1138 Ipso
634 1099 749 1125 autern
789 1088 933 1124 florente

178 1141 419 1175 Romanorum
458 1140 610 1184 Imperio
640 1139 766 1175 titulus
803 1140 935 1173 comitis

177 1188 217 1225 in
237 1189 298 1225 usu
323 1189 599 1238 frequentissimo
627 1190 759 1234 fuerat,
781 1203 851 1237 quo
878 1203 933 1225 va·

177 1239 250 1275 riae
278 1240 502 1289 Dignitates,
523 1242 555 1276 S<
586 1241 723 1286 publica
751 1240 870 1276 munia
897 1239 930 1274 fi-

178 1289 457 1339 gnificabantur,
480 1291 530 1327 uti
555 1292 666 1339 palam
695 1291 735 1326 fit
756 1291 844 1339 apud
867 1304 935 1325 non

177 1354 306 1389 paucos
327 1351 483 1377 veterum
508 1343 707 1377 Seculorum
725 1342 938 1390 Scriptores,

177 1405 217 1426 ac
238 1391 421 1439 praecipue
441 1393 476 1427 in
501 1392 643 1427 Notitia
671 1391 848 1440 utriusque
871 1394 936 1426 Im-

178 1441 289 1489 perii,
319 1455 421 1488 quam
456 1442 523 1476 suis
551 1444 828 1478 Commentariis
858 1442 935 1477 illu-

177 1492 298 1527 stravit
320 1493 374 1527 vix·
394 1493 539 1528 celebris
560 1493 677 1527 Cnido
702 1493 936 1528 Pancirolius.

177 1545 224 1578 Et
247 1542 402 1589 profefflo
430 1545 482 1577 vel
510 1554 591 1578 runc
613 1543 859 1590 praeclariores
885 1543 934 1592 ip-

179 1593 233 1629 sae
257 1593 494 1629 P1·aefc5lurae
516 1593 574 1629 sub
600 1594 708 1629 titulo
728 1595 862 1628 Comitis
881 1608 932 1643 ge-

178 1645 366 1691 rebantur3
387 1646 521 1679 nullum
543 1654 659 1679 tamen
674 1672 682 1688 ,
700 1645 792 1692 quod
810 1644 912 1680 sciam
928 1674 937 1690 ,

178 1695 330 1729 Urbium
357 1694 544 1730 praesidem
567 1697 686 1730 Secula
706 1696 769 1731 illa
790 1695 934 1744 ejusmo-

179 1745 215 1780 di
244 1745 480 1793 appellatione
513 1746 706 1781 donarunt.
745 1748 867 1793 Itaque
897 1747 937 1782 ad

178 1808 300 1830 verum
332 1795 471 1843 propius
499 1796 660 1840 accedat,
689 1797 749 1843 qui
779 1796 877 1832 illius
902 1811 937 1833 u-

180 1845 255 1881 sum
278 1845 336 1880 sub
353 1845 415 1881 hac
433 1845 687 1894 significatione
708 1847 839 1882 tribuat
855 1849 938 1883 Ger-

180 1895 317 1931 maniae
356 1897 521 1943 Populis,
549 1897 615 1933 hoc
652 1897 697 1932 est
723 1897 879 1942 Gothis,
907 1899 940 1933 ὃ(

178 1946 382 1995 praesertim
411 1947 575 1990 Francis,
601 1947 637 1983 in
666 1948 821 1983 Galliam
849 1950 882 1983 ὃς
911 1952 938 1984 Ι-

179 1997 303 2032 taliam
331 1997 534 2046 progreffisg
561 1997 605 2033 iis
633 1998 762 2046 quippe
788 1998 939 2034 familia-

179 2062 215 2083 re
243 2047 312 2083 fuit
340 2049 470 2084 Latina
500 2062 587 2084 voce
619 2050 754 2082 Comites
790 2051 939 2098 appella-

181 2112 216 2134 re
249 2098 316 2134 suis
346 2098 567 2134 Civitatibus
606 2098 823 2143 Praeffflos,
854 2114 940 2148 quos

179 2148 381 2185 Teutonica
417 2149 537 2198 lingua
564 2159 701 2184 utentes
735 2150 938 2194 Gravt'ones,

181 2199 249 2235 five
269 2199 433 2243 Grafiones
452 2200 717 2248 nuncupabant.
736 2202 789 2235 Ita
810 2200 850 2236 ad
872 2203 938 2236 La-

182 2249 339 2285 tinorum
368 2249 465 2285 usum
493 2250 521 2286 ii
550 2250 581 2286 se
610 2250 640 2285 se
669 2264 729 2298 per
765 2250 852 2285 hanc
881 2265 939 2286 vo-

182 2313 257 2335 cem
279 2300 606 2336 accommodarunt:
631 2300 724 2348 quod
752 2301 940 2336 Cluverius

184 2349 434 2386 animadvertit
471 2351 552 2387 Lib.
592 2353 618 2386 Ι.
646 2353 733 2399 Cap.
768 2354 828 2398 48.
856 2354 939 2387 Ger-

183 2413 276 2435 man.
305 2400 438 2448 antiqu.
467 2401 559 2437 Illud
590 2415 674 2438 vero
701 2414 829 2437 nornen
860 2401 941 2438 inde

181 2450 300 2500 primo
327 2459 447 2486 natum
472 2452 634 2496 videtur,
660 2452 753 2500 quod
781 2454 941 2488 Proceres

185 2501 274 2549 Regi
303 2509 361 2537 aut
389 2502 482 2537 Duci
509 2502 546 2537 in
581 2504 676 2538 bello
703 2503 865 2539 Comites
893 2503 938 2538 es·

184 2550 281 2596 sent,
301 2553 334 2586 δε
360 2552 662 2600 praestantioribus
688 2553 842 2590 militiae
867 2566 939 2590 mu-

245 2631 248 2634 .
284 2605 373 2639 Tem.
400 2605 428 2639 I.

970 1543 998 1577 (N

1018 687 1110 735 gulis
1137 688 1249 736 postea
1278 688 1499 724 Civitatibus
1538 691 1781 737 praeficeretur

1020 737 1230 774 militarium
1268 748 1461 774 turmarum
1494 750 1619 787 caput,
1646 742 1782 776 Comiti-

1020 789 1075 822 bus
1102 788 1206 837 Regis
1235 798 1293 823 aut
1320 789 1430 824 Ducis
1457 790 1626 837 ejusmodi
1655 805 1779 827 munus

1021 839 1330 883 committebatur,
1357 839 1418 887 qui
1447 840 1565 876 sensim
1594 843 1701 877 etiam
1732 843 1780 877 ci-

1022 889 1093 923 vile
1120 890 1277 937 regimen
1307 889 1502 936 suscepere.
1534 893 1580 925 Et
1608 891 1685 927 sane
1713 892 1783 927 duo

1024 939 1204 985 praecipue
1230 939 1430 988 hujusmodi
1455 942 1612 975 Comitum
1640 955 1782 978 munera

1022 988 1133 1024 fuere:
1163 1002 1269 1024 unum
1299 988 1467 1024 videlicet
1492 990 1643 1036 justitiae
1670 994 1784 1041 Popu-

1020 1038 1064 1072 lis
1092 1038 1359 1082 ministrandae,
1385 1040 1534 1074 alterum
1564 1041 1718 1078 militiae
1744 1044 1784 1077 fi-

1023 1087 1056 1123 bi
1085 1087 1278 1136 subjectae,
1307 1089 1446 1136 quando
1474 1090 1511 1125 in
1541 1091 1672 1127 bellum
1700 1107 1784 1128 eun-

1020 1138 1103 1173 dum
1129 1148 1224 1182 erat,
1248 1139 1443 1175 educendae
1467 1150 1571 1188 atque
1595 1143 1783 1191 regendae.

1025 1190 1079 1223 Ad
1111 1189 1262 1237 primum
1300 1190 1393 1237 quod
1430 1191 1582 1235 attinet,
1610 1203 1683 1228 erat
1714 1196 1787 1230 Co-

1028 1239 1154 1274 mitum
1183 1239 1347 1276 dirimere
1384 1240 1465 1276 lites
1492 1242 1525 1276 8<
1563 1243 1690 1279 cauffas
1720 1247 1787 1280 Po.

1026 1290 1120 1337 puli,
1142 1303 1246 1337 quam
1266 1290 1311 1325 ob
1337 1291 1484 1326 cauffam
1508 1294 1630 1327 DAallos
1652 1295 1685 1329 δε
1706 1296 1786 1330 Pla.

1023 1340 1085 1374 cita
1121 1340 1215 1375 statis
1252 1341 1373 1377 diebus
1403 1342 1596 1378 identidem
1635 1346 1787 1381 celebra.

1024 1390 1128 1434 bant,
1156 1390 1222 1426 hoc
1259 1392 1304 1427 est
1338 1392 1478 1440 publica
1514 1394 1651 1437 Judicia
1689 1396 1785 1432 insti-

1025 1442 1190 1486 tuebant,
1212 1443 1309 1489 queis
1332 1452 1510 1490 praeerant
1530 1444 1591 1492 ipfi
1614 1459 1680 1481 una
1704 1460 1784 1483 cum

1023 1492 1188 1536 Scabinis,
1226 1493 1281 1528 seu
1318 1494 1464 1542 reliquis
1501 1496 1697 1532 minoribus
1728 1500 1787 1541 Ju-

1025 1541 1183 1586 dinibus,
1205 1544 1236 1578 δί
1264 1544 1349 1591 juris
1372 1545 1515 1592 peritis,
1538 1555 1577 1581 ut
1601 1547 1786 1593 audirent,

1027 1594 1297 1641 perpenderent,
1325 1596 1358 1629 ὃς
1387 1596 1526 1631 decreto
1557 1597 1617 1632 suo
1645 1611 1788 1647 compo-

1027 1653 1148 1679 nerent
1176 1644 1301 1679 civiles
1327 1646 1600 1695 controversias;
1628 1647 1725 1683 ficuti
1753 1650 1788 1684 δε

1024 1693 1177 1742 ipsorum
1206 1693 1275 1729 fuit
1307 1694 1343 1730 in
1374 1694 1527 1732 scelestos
1566 1698 1788 1746 perditosque

1026 1744 1186 1780 homines
1224 1744 1409 1780 secundum
1447 1748 1539 1795 leges
1569 1748 1789 1785 animadver-

1026 1803 1117 1830 tere.
1144 1794 1295 1830 Proinde
1313 1797 1449 1840 judices
1473 1797 1581 1832 etiarn
1610 1811 1789 1846 nuncupa-

1027 1854 1080 1881 tos
1096 1845 1256 1881 invenias
1268 1873 1276 1880 .
1296 1845 1533 1882 Caffiodorius
1551 1848 1686 1885 Variar.
1703 1850 1787 1886 Lib.

1025 1907 1059 1942 7.
1088 1895 1226 1945 prodit,
1255 1895 1314 1931 suo
1342 1910 1481 1944 quoque
1509 1907 1666 1947 tempore
1697 1901 1788 1948 apud

1027 1947 1164 1981 Gothos
1193 1947 1296 1981 Italia
1325 1947 1458 1994 potitos
1486 1948 1656 1996 ejusmodi
1688 1949 1787 1987 fuiffe

969 1994 1000 2026 D
1026 1996 1212 2032 Comitum
1238 2010 1382 2033 munus.
1404 1997 1462 2033 Ad
1486 1998 1570 2034 haec
1595 2001 1786 2048 Gregorius

1028 2046 1238 2083 Turonenfis
1279 2048 1317 2083 in
1361 2048 1447 2084 Vita
1489 2049 1606 2085 Sanffi
1650 2051 1789 2089 Nicetii

1029 2099 1115 2146 Cap.
1155 2100 1187 2133 8.
1215 2097 1292 2134 Vit.
1322 2100 1414 2134 Patr.
1442 2099 1493 2134 ita
1529 2099 1671 2136 scribit:
1714 2103 1790 2137 Vidi

1028 2161 1080 2194 ego
1108 2147 1265 2189 Bafilium
1291 2151 1509 2195 Presbyterum
1544 2149 1665 2197 miffum
1691 2154 1732 2187 ab
1759 2167 1791 2188 eo

1014 2198 1072 2244 {ad
1098 2200 1339 2233 Armentarium
1367 2201 1538 2245 Comitem,
1567 2202 1622 2248 qui
1657 2205 1789 2250 Lugdu·

1014 2248 1148 2302 inensem
1178 2252 1286 2284 Urbem
1314 2251 1363 2283 his
1388 2251 1498 2285 diebus
1521 2252 1670 2298 potestate
1685 2255 1791 2297 sudi.

1015 2300 1127 2335 irim-ia
1151 2301 1367 2346 gubernabat.
1406 2300 1556 2345 Rursus,
1584 2301 1637 2338 uti
1673 2313 1790 2341 narrat

1031 2349 1122 2385 idem
1162 2349 1318 2397 Scriptor
1345 2350 1477 2386 Histor.
1516 2355 1678 2389 Francor.
1705 2355 1790 2392 Lib.

1014 2402 1063 2448 46.
1092 2402 1178 2447 Cap.
1208 2403 1240 2435 8.
1270 2414 1376 2447 quum
1405 2401 1446 2437 ad
1475 2415 1571 2438 aures
1598 2403 1717 2441 saneti
1743 2408 1792 2441 E.

977 2450 1163 2499 E'parchii
1192 2450 1334 2486 circiter
1360 2453 1506 2488 Annum
1536 2455 1649 2490 DLx.
1670 2468 1791 2493 rumor

1031 2500 1263 2550 pervenisset,
1300 2502 1486 2549 quemdam
1533 2505 1706 2541 latronem
1748 2507 1790 2542 ad

1013 2551 1229 2601 3patibulum
1249 2552 1340 2589 trahi
1353 2580 1364 2597 ,
1385 2553 1556 2591 continuo
1574 2555 1706 2606 pietate
1726 2556 1788 2593 du-

1091 2605 1123 2639 V
1153 2615 1174 2637 v
1658 2606 1735 2644 &us
