<?xml version="1.0" encoding="UTF-8"?>
<!DOCTYPE html PUBLIC "-//W3C//DTD XHTML 1.0 Transitional//EN"
    "http://www.w3.org/TR/xhtml1/DTD/xhtml1-transitional.dtd">
<html xmlns="http://www.w3.org/1999/xhtml" xml:lang="en" lang="en">
 <head>
  <title>
</title>
<meta http-equiv="Content-Type" content="text/html;charset=utf-8" />
  <meta name='ocr-system' content='tesseract 3.04.00' />
  <meta name='ocr-capabilities' content='ocr_page ocr_carea ocr_par ocr_line ocrx_word'/>
</head>
<body>
  <div class='ocr_page' id='page_1' title='image "antiquitatesital01mura_0396.png"; bbox 0 0 2195 3032; ppageno 0'>
   <div class='ocr_carea' id='block_1_1' title="bbox 423 239 507 280">
    <p class='ocr_par' dir='ltr' id='par_1_1' title="bbox 423 239 507 280">
     <span class='ocr_line' id='line_1_1' title="bbox 423 239 507 280; baseline 0.024 -2"><span class='ocrx_word' id='word_1_1' title='bbox 423 239 507 280; x_wconf 89' lang='lat'>747</span> 
     </span>
    </p>
   </div>
   <div class='ocr_carea' id='block_1_2' title="bbox 339 281 1190 2643">
    <p class='ocr_par' dir='ltr' id='par_1_2' title="bbox 343 281 1190 2102">
     <span class='ocr_line' id='line_1_2' title="bbox 365 281 1190 328; baseline 0.005 -12"><span class='ocrx_word' id='word_1_2' title='bbox 365 282 422 316; x_wconf 80' lang='lat' dir='ltr'>bus</span> <span class='ocrx_word' id='word_1_3' title='bbox 449 283 542 317; x_wconf 75' lang='lat' dir='ltr'>suam</span> <span class='ocrx_word' id='word_1_4' title='bbox 570 281 661 316; x_wconf 87' lang='lat' dir='ltr'>tueri</span> <span class='ocrx_word' id='word_1_5' title='bbox 693 281 911 328; x_wconf 85' lang='lat' dir='ltr'>potentiam,</span> <span class='ocrx_word' id='word_1_6' title='bbox 939 284 973 317; x_wconf 87' lang='lat'>&amp;</span> <span class='ocrx_word' id='word_1_7' title='bbox 1004 284 1125 320; x_wconf 80' lang='lat' dir='ltr'>consti.</span> <span class='ocrx_word' id='word_1_8' title='bbox 1158 287 1190 320; x_wconf 93' lang='lat' dir='ltr'>A</span> 
     </span>
     <span class='ocr_line' id='line_1_3' title="bbox 363 333 1126 378; baseline 0.008 -14"><span class='ocrx_word' id='word_1_9' title='bbox 363 340 460 367; x_wconf 81' lang='lat' dir='ltr'>tuere</span> <span class='ocrx_word' id='word_1_10' title='bbox 491 333 683 365; x_wconf 73' lang='lat' dir='ltr'>Vicecomtees</span> <span class='ocrx_word' id='word_1_11' title='bbox 718 334 875 378; x_wconf 78' lang='lat' dir='ltr'>Pagenses</span> <span class='ocrx_word' id='word_1_12' title='bbox 901 334 939 369; x_wconf 86' lang='lat' dir='ltr'>in</span> <span class='ocrx_word' id='word_1_13' title='bbox 966 334 1126 370; x_wconf 76' lang='lat' dir='ltr'>castellis</span> 
     </span>
     <span class='ocr_line' id='line_1_4' title="bbox 361 380 1123 429; baseline 0.009 -15"><span class='ocrx_word' id='word_1_14' title='bbox 361 382 395 415; x_wconf 77' lang='grc' dir='ltr'>ὃ(</span> <span class='ocrx_word' id='word_1_15' title='bbox 428 381 548 429; x_wconf 76' lang='lat' dir='ltr'>Pagis,</span> <span class='ocrx_word' id='word_1_16' title='bbox 577 380 646 416; x_wconf 86' lang='lat' dir='ltr'>five</span> <span class='ocrx_word' id='word_1_17' title='bbox 683 383 777 428; x_wconf 91' lang='lat' dir='ltr'>quod</span> <span class='ocrx_word' id='word_1_18' title='bbox 815 393 947 419; x_wconf 84' lang='lat' dir='ltr'>veteres</span> <span class='ocrx_word' id='word_1_19' title='bbox 976 385 1123 421; x_wconf 86' lang='lat' dir='ltr'>Viceco-</span> 
     </span>
     <span class='ocr_line' id='line_1_5' title="bbox 360 431 1121 481; baseline 0.009 -16"><span class='ocrx_word' id='word_1_20' title='bbox 360 431 465 466; x_wconf 84' lang='lat' dir='ltr'>mites</span> <span class='ocrx_word' id='word_1_21' title='bbox 497 433 624 473; x_wconf 55' lang='lat' dir='ltr'>Pae-‚um</span> <span class='ocrx_word' id='word_1_22' title='bbox 665 443 724 468; x_wconf 90' lang='lat' dir='ltr'>aut</span> <span class='ocrx_word' id='word_1_23' title='bbox 751 433 941 470; x_wconf 86' lang='lat' dir='ltr'>Castellum</span> <span class='ocrx_word' id='word_1_24' title='bbox 979 435 1121 481; x_wconf 84' lang='lat' dir='ltr'>aliquod</span> 
     </span>
     <span class='ocr_line' id='line_1_6' title="bbox 360 481 1120 532; baseline 0.011 -17"><span class='ocrx_word' id='word_1_25' title='bbox 360 482 474 516; x_wconf 84' lang='lat' dir='ltr'>veluti</span> <span class='ocrx_word' id='word_1_26' title='bbox 514 481 592 517; x_wconf 90' lang='lat' dir='ltr'>suae</span> <span class='ocrx_word' id='word_1_27' title='bbox 640 482 827 531; x_wconf 84' lang='lat' dir='ltr'>dignitatis</span> <span class='ocrx_word' id='word_1_28' title='bbox 868 485 1120 532; x_wconf 77' lang='lat' dir='ltr'>patrimonium</span> 
     </span>
     <span class='ocr_line' id='line_1_7' title="bbox 359 532 1121 586; baseline 0.012 -21"><span class='ocrx_word' id='word_1_29' title='bbox 359 532 470 566; x_wconf 86' lang='lat' dir='ltr'>titulo</span> <span class='ocrx_word' id='word_1_30' title='bbox 501 532 615 568; x_wconf 84' lang='lat' dir='ltr'>stabili</span> <span class='ocrx_word' id='word_1_31' title='bbox 647 533 816 579; x_wconf 82' lang='lat' dir='ltr'>(forfitan</span> <span class='ocrx_word' id='word_1_32' title='bbox 844 535 951 571; x_wconf 86' lang='lat' dir='ltr'>etiam</span> <span class='ocrx_word' id='word_1_33' title='bbox 981 538 1121 586; x_wconf 80' lang='lat' dir='ltr'>Feudi)</span> 
     </span>
     <span class='ocr_line' id='line_1_8' title="bbox 357 581 1115 629; baseline 0.009 -13"><span class='ocrx_word' id='word_1_34' title='bbox 357 581 587 629; x_wconf 79' lang='lat' dir='ltr'>possiderent:</span> <span class='ocrx_word' id='word_1_35' title='bbox 606 583 740 619; x_wconf 88' lang='lat' dir='ltr'>idcirco</span> <span class='ocrx_word' id='word_1_36' title='bbox 753 613 761 624; x_wconf 80' lang='grc'>,</span> <span class='ocrx_word' id='word_1_37' title='bbox 781 589 908 621; x_wconf 80' lang='lat' dir='ltr'>amotis</span> <span class='ocrx_word' id='word_1_38' title='bbox 925 586 1032 623; x_wconf 85' lang='lat' dir='ltr'>etiam</span> <span class='ocrx_word' id='word_1_39' title='bbox 1050 591 1115 624; x_wconf 91' lang='lat' dir='ltr'>Co-</span> 
     </span>
     <span class='ocr_line' id='line_1_9' title="bbox 356 633 1118 676; baseline 0.01 -9"><span class='ocrx_word' id='word_1_40' title='bbox 356 633 528 676; x_wconf 82' lang='lat' dir='ltr'>mitibus,</span> <span class='ocrx_word' id='word_1_41' title='bbox 558 634 717 670; x_wconf 74' lang='lat' dir='ltr'>audimus</span> <span class='ocrx_word' id='word_1_42' title='bbox 746 638 961 671; x_wconf 76' lang='lat' dir='ltr'>Vicecomitum</span> <span class='ocrx_word' id='word_1_43' title='bbox 991 651 1118 674; x_wconf 88' lang='lat' dir='ltr'>nomen</span> 
     </span>
     <span class='ocr_line' id='line_1_10' title="bbox 356 682 1118 725; baseline 0.009 -7"><span class='ocrx_word' id='word_1_44' title='bbox 356 682 395 718; x_wconf 86' lang='lat' dir='ltr'>in</span> <span class='ocrx_word' id='word_1_45' title='bbox 425 694 581 720; x_wconf 87' lang='lat' dir='ltr'>veterum</span> <span class='ocrx_word' id='word_1_46' title='bbox 617 687 879 722; x_wconf 85' lang='lat' dir='ltr'>monumentis.</span> <span class='ocrx_word' id='word_1_47' title='bbox 917 689 1118 725; x_wconf 86' lang='lat' dir='ltr'>Dimidium</span> 
     </span>
     <span class='ocr_line' id='line_1_11' title="bbox 358 734 1118 775; baseline 0.011 -8"><span class='ocrx_word' id='word_1_48' title='bbox 358 734 592 769; x_wconf 71' lang='lat' dir='ltr'>Vicecomitacus</span> <span class='ocrx_word' id='word_1_49' title='bbox 631 740 669 770; x_wconf 76' lang='lat' dir='ltr'>de</span> <span class='ocrx_word' id='word_1_50' title='bbox 712 738 801 772; x_wconf 80' lang='lat' dir='ltr'><em>Valle</em></span> <span class='ocrx_word' id='word_1_51' title='bbox 843 740 971 774; x_wconf 80' lang='lat' dir='ltr'>Tellina</span> <span class='ocrx_word' id='word_1_52' title='bbox 1009 742 1118 775; x_wconf 86' lang='lat' dir='ltr'>Anno</span> 
     </span>
     <span class='ocr_line' id='line_1_12' title="bbox 354 785 1117 836; baseline 0.012 -19"><span class='ocrx_word' id='word_1_53' title='bbox 354 785 464 818; x_wconf 76' lang='lat' dir='ltr'>MVL</span> <span class='ocrx_word' id='word_1_54' title='bbox 493 785 668 820; x_wconf 85' lang='lat' dir='ltr'>Henricus</span> <span class='ocrx_word' id='word_1_55' title='bbox 705 787 798 822; x_wconf 80' lang='lat' dir='ltr'>inter</span> <span class='ocrx_word' id='word_1_56' title='bbox 827 790 936 836; x_wconf 85' lang='lat' dir='ltr'>Reges</span> <span class='ocrx_word' id='word_1_57' title='bbox 972 790 1117 826; x_wconf 66' lang='lat' dir='ltr'>Sanfflzus</span> 
     </span>
     <span class='ocr_line' id='line_1_13' title="bbox 354 834 1117 884; baseline 0.01 -16"><span class='ocrx_word' id='word_1_58' title='bbox 354 834 533 870; x_wconf 84' lang='lat' dir='ltr'>Eberardo</span> <span class='ocrx_word' id='word_1_59' title='bbox 556 836 718 872; x_wconf 88' lang='lat' dir='ltr'>Comenfi</span> <span class='ocrx_word' id='word_1_60' title='bbox 747 837 919 884; x_wconf 83' lang='lat' dir='ltr'>Episcopo</span> <span class='ocrx_word' id='word_1_61' title='bbox 943 840 1036 875; x_wconf 91' lang='lat' dir='ltr'>dono</span> <span class='ocrx_word' id='word_1_62' title='bbox 1061 842 1117 876; x_wconf 88' lang='lat' dir='ltr'>de·</span> 
     </span>
     <span class='ocr_line' id='line_1_14' title="bbox 353 884 1114 928; baseline 0.011 -9"><span class='ocrx_word' id='word_1_63' title='bbox 353 884 428 919; x_wconf 90' lang='lat' dir='ltr'>dit.</span> <span class='ocrx_word' id='word_1_64' title='bbox 462 887 639 922; x_wconf 80' lang='lat' dir='ltr'>Praeterea</span> <span class='ocrx_word' id='word_1_65' title='bbox 671 888 802 924; x_wconf 83' lang='lat' dir='ltr'>alicubi</span> <span class='ocrx_word' id='word_1_66' title='bbox 831 890 1025 925; x_wconf 77' lang='lat' dir='ltr'>Vicecomites</span> <span class='ocrx_word' id='word_1_67' title='bbox 1053 893 1114 928; x_wconf 87' lang='lat' dir='ltr'>Di-</span> 
     </span>
     <span class='ocr_line' id='line_1_15' title="bbox 353 935 1114 982; baseline 0.012 -13"><span class='ocrx_word' id='word_1_68' title='bbox 353 935 528 982; x_wconf 74' lang='lat' dir='ltr'>gnitatem</span> <span class='ocrx_word' id='word_1_69' title='bbox 558 936 651 973; x_wconf 86' lang='lat' dir='ltr'>suam</span> <span class='ocrx_word' id='word_1_70' title='bbox 688 952 727 974; x_wconf 91' lang='lat' dir='ltr'>ac</span> <span class='ocrx_word' id='word_1_71' title='bbox 756 941 922 976; x_wconf 87' lang='lat' dir='ltr'>Titulum</span> <span class='ocrx_word' id='word_1_72' title='bbox 952 941 992 977; x_wconf 90' lang='lat' dir='ltr'>ad</span> <span class='ocrx_word' id='word_1_73' title='bbox 1021 941 1114 978; x_wconf 76' lang='lat' dir='ltr'>filios</span> 
     </span>
     <span class='ocr_line' id='line_1_16' title="bbox 354 986 1109 1041; baseline 0.013 -22"><span class='ocrx_word' id='word_1_74' title='bbox 354 998 393 1019; x_wconf 86' lang='lat' dir='ltr'>ac</span> <span class='ocrx_word' id='word_1_75' title='bbox 421 986 568 1031; x_wconf 85' lang='lat' dir='ltr'>posteros</span> <span class='ocrx_word' id='word_1_76' title='bbox 593 1001 634 1023; x_wconf 88' lang='lat' dir='ltr'>ex</span> <span class='ocrx_word' id='word_1_77' title='bbox 661 989 876 1026; x_wconf 81' lang='lat' dir='ltr'>conceffione</span> <span class='ocrx_word' id='word_1_78' title='bbox 903 994 1035 1041; x_wconf 86' lang='lat' dir='ltr'>Regum</span> <span class='ocrx_word' id='word_1_79' title='bbox 1051 1021 1060 1036; x_wconf 90' lang='lat'>,</span> <span class='ocrx_word' id='word_1_80' title='bbox 1082 1007 1109 1029; x_wconf 87' lang='lat' dir='ltr'>a·</span> 
     </span>
     <span class='ocr_line' id='line_1_17' title="bbox 353 1035 1112 1092; baseline 0.012 -22"><span class='ocrx_word' id='word_1_81' title='bbox 353 1035 530 1072; x_wconf 86' lang='lat' dir='ltr'>liorumve</span> <span class='ocrx_word' id='word_1_82' title='bbox 542 1039 723 1074; x_wconf 88' lang='lat' dir='ltr'>Seniorum</span> <span class='ocrx_word' id='word_1_83' title='bbox 737 1067 746 1081; x_wconf 74' lang='lat'>,</span> <span class='ocrx_word' id='word_1_84' title='bbox 761 1041 976 1079; x_wconf 80' lang='lat' dir='ltr'>transmisere</span> <span class='ocrx_word' id='word_1_85' title='bbox 989 1071 998 1086; x_wconf 93' lang='lat'>‚</span> <span class='ocrx_word' id='word_1_86' title='bbox 1015 1043 1112 1092; x_wconf 87' lang='lat' dir='ltr'>quip-</span> 
     </span>
     <span class='ocr_line' id='line_1_18' title="bbox 351 1089 1112 1141; baseline 0.013 -22"><span class='ocrx_word' id='word_1_87' title='bbox 351 1098 395 1133; x_wconf 88' lang='lat' dir='ltr'>pe</span> <span class='ocrx_word' id='word_1_88' title='bbox 416 1100 534 1122; x_wconf 87' lang='lat' dir='ltr'>eorum</span> <span class='ocrx_word' id='word_1_89' title='bbox 554 1089 711 1124; x_wconf 87' lang='lat' dir='ltr'>locorum</span> <span class='ocrx_word' id='word_1_90' title='bbox 737 1090 938 1127; x_wconf 75' lang='lat' dir='ltr'>investitura</span> <span class='ocrx_word' id='word_1_91' title='bbox 955 1107 1012 1141; x_wconf 83' lang='lat' dir='ltr'>per</span> <span class='ocrx_word' id='word_1_92' title='bbox 1030 1097 1112 1129; x_wconf 85' lang='lat' dir='ltr'>Feu-</span> 
     </span>
     <span class='ocr_line' id='line_1_19' title="bbox 351 1136 1106 1180; baseline 0.011 -9"><span class='ocrx_word' id='word_1_93' title='bbox 351 1136 434 1171; x_wconf 87' lang='lat' dir='ltr'>dum</span> <span class='ocrx_word' id='word_1_94' title='bbox 456 1138 578 1173; x_wconf 81' lang='lat' dir='ltr'>donati</span> <span class='ocrx_word' id='word_1_95' title='bbox 592 1166 601 1180; x_wconf 79' lang='grc'>,</span> <span class='ocrx_word' id='word_1_96' title='bbox 619 1153 657 1174; x_wconf 88' lang='lat' dir='ltr'>ac</span> <span class='ocrx_word' id='word_1_97' title='bbox 679 1139 699 1174; x_wconf 86' lang='lat' dir='ltr'><strong>fi</strong></span> <span class='ocrx_word' id='word_1_98' title='bbox 722 1142 857 1175; x_wconf 73' lang='lat' dir='ltr'>Comites</span> <span class='ocrx_word' id='word_1_99' title='bbox 876 1142 1010 1178; x_wconf 86' lang='lat' dir='ltr'>forent.</span> <span class='ocrx_word' id='word_1_100' title='bbox 1032 1146 1106 1179; x_wconf 84' lang='lat' dir='ltr'>Pro-</span> 
     </span>
     <span class='ocr_line' id='line_1_20' title="bbox 350 1188 1113 1234; baseline 0.01 -13"><span class='ocrx_word' id='word_1_101' title='bbox 350 1196 468 1234; x_wconf 85' lang='lat' dir='ltr'>pterea</span> <span class='ocrx_word' id='word_1_102' title='bbox 496 1188 533 1223; x_wconf 91' lang='lat' dir='ltr'>in</span> <span class='ocrx_word' id='word_1_103' title='bbox 570 1189 752 1226; x_wconf 84' lang='lat' dir='ltr'>Chronico</span> <span class='ocrx_word' id='word_1_104' title='bbox 779 1191 945 1228; x_wconf 85' lang='lat' dir='ltr'>Gaufredi</span> <span class='ocrx_word' id='word_1_105' title='bbox 984 1194 1113 1229; x_wconf 85' lang='lat' dir='ltr'>Prioris</span> 
     </span>
     <span class='ocr_line' id='line_1_21' title="bbox 351 1237 1113 1291; baseline 0.012 -20"><span class='ocrx_word' id='word_1_106' title='bbox 351 1237 544 1282; x_wconf 85' lang='lat' dir='ltr'>Vofienfis,</span> <span class='ocrx_word' id='word_1_107' title='bbox 575 1251 679 1287; x_wconf 68' lang='lat' dir='ltr'>atque</span> <span class='ocrx_word' id='word_1_108' title='bbox 710 1242 746 1276; x_wconf 89' lang='lat' dir='ltr'>in</span> <span class='ocrx_word' id='word_1_109' title='bbox 775 1243 856 1278; x_wconf 73' lang='lat' dir='ltr'>aliis</span> <span class='ocrx_word' id='word_1_110' title='bbox 885 1245 1113 1291; x_wconf 75' lang='lat' dir='ltr'>Aquitan³cis</span> 
     </span>
     <span class='ocr_line' id='line_1_22' title="bbox 350 1287 1109 1330; baseline 0.009 -7"><span class='ocrx_word' id='word_1_111' title='bbox 350 1287 519 1324; x_wconf 79' lang='lat' dir='ltr'>Historiis</span> <span class='ocrx_word' id='word_1_112' title='bbox 554 1291 572 1325; x_wconf 74' lang='grc' dir='ltr'>ὲ</span> <span class='ocrx_word' id='word_1_113' title='bbox 602 1292 746 1327; x_wconf 86' lang='lat' dir='ltr'>Labbeo</span> <span class='ocrx_word' id='word_1_114' title='bbox 774 1292 809 1327; x_wconf 90' lang='lat' dir='ltr'>in</span> <span class='ocrx_word' id='word_1_115' title='bbox 844 1296 947 1330; x_wconf 88' lang='lat' dir='ltr'>Nova</span> <span class='ocrx_word' id='word_1_116' title='bbox 980 1296 1109 1330; x_wconf 79' lang='lat' dir='ltr'>Biblio-</span> 
     </span>
     <span class='ocr_line' id='line_1_23' title="bbox 348 1338 1104 1393; baseline 0.012 -20"><span class='ocrx_word' id='word_1_117' title='bbox 348 1338 442 1374; x_wconf 76' lang='lat' dir='ltr'>thee.</span> <span class='ocrx_word' id='word_1_118' title='bbox 467 1341 573 1376; x_wconf 89' lang='lat' dir='ltr'>Tom.</span> <span class='ocrx_word' id='word_1_119' title='bbox 605 1354 636 1376; x_wconf 83' lang='lat'>2.</span> <span class='ocrx_word' id='word_1_120' title='bbox 664 1356 736 1391; x_wconf 82' lang='lat' dir='ltr'>pag.</span> <span class='ocrx_word' id='word_1_121' title='bbox 767 1346 849 1380; x_wconf 71' lang='lat'>280.</span> <span class='ocrx_word' id='word_1_122' title='bbox 875 1346 907 1379; x_wconf 78' lang='grc' dir='ltr'>ἃ</span> <span class='ocrx_word' id='word_1_123' title='bbox 939 1345 1030 1393; x_wconf 86' lang='lat' dir='ltr'>seqq.</span> <span class='ocrx_word' id='word_1_124' title='bbox 1054 1360 1104 1381; x_wconf 92' lang='lat' dir='ltr'>oc-</span> 
     </span>
     <span class='ocr_line' id='line_1_24' title="bbox 349 1396 1112 1441; baseline 0.008 -17"><span class='ocrx_word' id='word_1_125' title='bbox 349 1400 493 1425; x_wconf 81' lang='lat' dir='ltr'>currunt</span> <span class='ocrx_word' id='word_1_126' title='bbox 532 1396 697 1426; x_wconf 72' lang='lat' dir='ltr'>Vicecomes</span> <span class='ocrx_word' id='word_1_127' title='bbox 732 1397 771 1428; x_wconf 78' lang='lat' dir='ltr'>de</span> <span class='ocrx_word' id='word_1_128' title='bbox 796 1398 920 1441; x_wconf 73' lang='lat' dir='ltr'>Segur:</span> <span class='ocrx_word' id='word_1_129' title='bbox 949 1398 1112 1431; x_wconf 79' lang='lat' dir='ltr'>Vicecomes</span> 
     </span>
     <span class='ocr_line' id='line_1_25' title="bbox 346 1440 1107 1491; baseline 0.012 -18"><span class='ocrx_word' id='word_1_130' title='bbox 346 1440 385 1473; x_wconf 84' lang='lat' dir='ltr'>de</span> <span class='ocrx_word' id='word_1_131' title='bbox 399 1440 555 1485; x_wconf 69' lang='lat' dir='ltr'>⁴Albufflm</span> <span class='ocrx_word' id='word_1_132' title='bbox 568 1456 580 1475; x_wconf 95' lang='grc'>.·</span> <span class='ocrx_word' id='word_1_133' title='bbox 599 1445 764 1478; x_wconf 68' lang='lat' dir='ltr'>Vicecomes</span> <span class='ocrx_word' id='word_1_134' title='bbox 781 1447 820 1479; x_wconf 86' lang='lat' dir='ltr'>de</span> <span class='ocrx_word' id='word_1_135' title='bbox 843 1478 850 1479; x_wconf 24' lang='lat' dir='ltr'>o</span> <span class='ocrx_word' id='word_1_136' title='bbox 864 1449 985 1480; x_wconf 71' lang='lat' dir='ltr'>omborn</span> <span class='ocrx_word' id='word_1_137' title='bbox 998 1475 1008 1491; x_wconf 91' lang='lat'>,</span> <span class='ocrx_word' id='word_1_138' title='bbox 1031 1461 1107 1482; x_wconf 83' lang='lat' dir='ltr'>cum</span> 
     </span>
     <span class='ocr_line' id='line_1_26' title="bbox 348 1491 1109 1546; baseline 0.012 -22"><span class='ocrx_word' id='word_1_139' title='bbox 348 1491 429 1526; x_wconf 84' lang='lat' dir='ltr'>aliis</span> <span class='ocrx_word' id='word_1_140' title='bbox 451 1492 523 1540; x_wconf 77' lang='lat' dir='ltr'>ejus</span> <span class='ocrx_word' id='word_1_141' title='bbox 543 1507 624 1529; x_wconf 86' lang='lat' dir='ltr'>orae</span> <span class='ocrx_word' id='word_1_142' title='bbox 644 1496 935 1542; x_wconf 72' lang='lat' dir='ltr'>quamplurimis.</span> <span class='ocrx_word' id='word_1_143' title='bbox 951 1499 996 1533; x_wconf 81' lang='lat' dir='ltr'>Et</span> <span class='ocrx_word' id='word_1_144' title='bbox 1017 1511 1109 1546; x_wconf 87' lang='lat' dir='ltr'>prae·</span> 
     </span>
     <span class='ocr_line' id='line_1_27' title="bbox 346 1541 1104 1589; baseline 0.009 -13"><span class='ocrx_word' id='word_1_145' title='bbox 346 1541 448 1589; x_wconf 80' lang='lat' dir='ltr'>cipue</span> <span class='ocrx_word' id='word_1_146' title='bbox 476 1543 553 1578; x_wconf 91' lang='lat' dir='ltr'>illic</span> <span class='ocrx_word' id='word_1_147' title='bbox 591 1544 626 1579; x_wconf 88' lang='lat' dir='ltr'>in</span> <span class='ocrx_word' id='word_1_148' title='bbox 656 1545 896 1582; x_wconf 66' lang='lat' dir='ltr'>aestimatione</span> <span class='ocrx_word' id='word_1_149' title='bbox 933 1561 1002 1583; x_wconf 87' lang='lat' dir='ltr'>non</span> <span class='ocrx_word' id='word_1_150' title='bbox 1032 1550 1104 1583; x_wconf 89' lang='lat' dir='ltr'>vul-</span> 
     </span>
     <span class='ocr_line' id='line_1_28' title="bbox 347 1592 1109 1643; baseline 0.009 -16"><span class='ocrx_word' id='word_1_151' title='bbox 347 1593 421 1639; x_wconf 66' lang='lat' dir='ltr'>gari</span> <span class='ocrx_word' id='word_1_152' title='bbox 444 1592 582 1630; x_wconf 85' lang='lat' dir='ltr'>fuerunt</span> <span class='ocrx_word' id='word_1_153' title='bbox 605 1597 799 1632; x_wconf 68' lang='lat' dir='ltr'>Vicera-mites</span> <span class='ocrx_word' id='word_1_154' title='bbox 817 1599 856 1632; x_wconf 84' lang='lat' dir='ltr'>de</span> <span class='ocrx_word' id='word_1_155' title='bbox 876 1602 996 1643; x_wconf 81' lang='lat' dir='ltr'>Turre,</span> <span class='ocrx_word' id='word_1_156' title='bbox 1019 1612 1109 1634; x_wconf 86' lang='lat' dir='ltr'>nunc</span> 
     </span>
     <span class='ocr_line' id='line_1_29' title="bbox 345 1643 1107 1694; baseline 0.01 -19"><span class='ocrx_word' id='word_1_157' title='bbox 345 1643 382 1676; x_wconf 82' lang='lat' dir='ltr'>di</span> <span class='ocrx_word' id='word_1_158' title='bbox 410 1647 536 1678; x_wconf 79' lang='lat' dir='ltr'>Turena</span> <span class='ocrx_word' id='word_1_159' title='bbox 572 1648 767 1692; x_wconf 80' lang='lat' dir='ltr'>appellati,</span> <span class='ocrx_word' id='word_1_160' title='bbox 795 1650 827 1683; x_wconf 85' lang='lat'>8&lt;</span> <span class='ocrx_word' id='word_1_161' title='bbox 855 1653 893 1683; x_wconf 83' lang='lat' dir='ltr'>de</span> <span class='ocrx_word' id='word_1_162' title='bbox 922 1651 1107 1694; x_wconf 79' lang='lat' dir='ltr'>Ventadur‚</span> 
     </span>
     <span class='ocr_line' id='line_1_30' title="bbox 345 1693 1106 1745; baseline 0.013 -19"><span class='ocrx_word' id='word_1_163' title='bbox 345 1693 378 1727; x_wconf 81' lang='grc' dir='ltr'>ὃ(</span> <span class='ocrx_word' id='word_1_164' title='bbox 410 1695 657 1740; x_wconf 69' lang='lat' dir='ltr'>Lemovicenses,</span> <span class='ocrx_word' id='word_1_165' title='bbox 687 1707 724 1732; x_wconf 91' lang='lat' dir='ltr'>ut</span> <span class='ocrx_word' id='word_1_166' title='bbox 755 1698 845 1734; x_wconf 69' lang='lat' dir='ltr'>alios</span> <span class='ocrx_word' id='word_1_167' title='bbox 874 1710 1106 1745; x_wconf 77' lang='lat' dir='ltr'>praeteream,</span> 
     </span>
     <span class='ocr_line' id='line_1_31' title="bbox 345 1743 1102 1790; baseline 0.012 -13"><span class='ocrx_word' id='word_1_168' title='bbox 345 1743 407 1790; x_wconf 90' lang='lat' dir='ltr'>qui</span> <span class='ocrx_word' id='word_1_169' title='bbox 438 1745 509 1790; x_wconf 76' lang='lat' dir='ltr'>post</span> <span class='ocrx_word' id='word_1_170' title='bbox 536 1748 696 1782; x_wconf 82' lang='lat' dir='ltr'>seculum</span> <span class='ocrx_word' id='word_1_171' title='bbox 722 1749 738 1782; x_wconf 70' lang='grc' dir='ltr'>ὲ</span> <span class='ocrx_word' id='word_1_172' title='bbox 766 1749 905 1784; x_wconf 77' lang='lat' dir='ltr'>Christo</span> <span class='ocrx_word' id='word_1_173' title='bbox 929 1760 1011 1785; x_wconf 90' lang='lat' dir='ltr'>nato</span> <span class='ocrx_word' id='word_1_174' title='bbox 1040 1753 1102 1786; x_wconf 90' lang='lat' dir='ltr'>De-</span> 
     </span>
     <span class='ocr_line' id='line_1_32' title="bbox 346 1794 1104 1848; baseline 0.012 -20"><span class='ocrx_word' id='word_1_175' title='bbox 346 1794 477 1829; x_wconf 86' lang='lat' dir='ltr'>cimum</span> <span class='ocrx_word' id='word_1_176' title='bbox 504 1795 597 1832; x_wconf 87' lang='lat' dir='ltr'>inter</span> <span class='ocrx_word' id='word_1_177' title='bbox 619 1798 815 1834; x_wconf 63' lang='lat' dir='ltr'>Galliarum</span> <span class='ocrx_word' id='word_1_178' title='bbox 841 1801 1020 1848; x_wconf 70' lang='lat' dir='ltr'>Principes</span> <span class='ocrx_word' id='word_1_179' title='bbox 1046 1815 1104 1837; x_wconf 87' lang='lat' dir='ltr'>nu-</span> 
     </span>
     <span class='ocr_line' id='line_1_33' title="bbox 344 1847 1103 1899; baseline 0.011 -20"><span class='ocrx_word' id='word_1_180' title='bbox 344 1849 587 1891; x_wconf 66' lang='lat' dir='ltr'>merabantur,</span> <span class='ocrx_word' id='word_1_181' title='bbox 617 1847 682 1883; x_wconf 86' lang='lat' dir='ltr'>hoc</span> <span class='ocrx_word' id='word_1_182' title='bbox 711 1863 780 1884; x_wconf 88' lang='lat' dir='ltr'>uno</span> <span class='ocrx_word' id='word_1_183' title='bbox 808 1850 937 1886; x_wconf 88' lang='lat' dir='ltr'>Titulo</span> <span class='ocrx_word' id='word_1_184' title='bbox 964 1851 1103 1899; x_wconf 68' lang='lat' dir='ltr'>insugni-</span> 
     </span>
     <span class='ocr_line' id='line_1_34' title="bbox 343 1895 1105 1943; baseline 0.01 -14"><span class='ocrx_word' id='word_1_185' title='bbox 343 1895 394 1930; x_wconf 86' lang='lat' dir='ltr'>ti.</span> <span class='ocrx_word' id='word_1_186' title='bbox 435 1898 546 1933; x_wconf 79' lang='lat' dir='ltr'>[mmo</span> <span class='ocrx_word' id='word_1_187' title='bbox 584 1899 707 1934; x_wconf 79' lang='lat' dir='ltr'>nostris</span> <span class='ocrx_word' id='word_1_188' title='bbox 743 1901 849 1936; x_wconf 72' lang='lat' dir='ltr'>et³am</span> <span class='ocrx_word' id='word_1_189' title='bbox 888 1903 1105 1943; x_wconf 87' lang='lat' dir='ltr'>temporibus</span> 
     </span>
     <span class='ocr_line' id='line_1_35' title="bbox 343 1944 1104 1995; baseline 0.011 -15"><span class='ocrx_word' id='word_1_190' title='bbox 343 1944 381 1980; x_wconf 86' lang='lat' dir='ltr'>in</span> <span class='ocrx_word' id='word_1_191' title='bbox 418 1946 608 1984; x_wconf 82' lang='lat' dir='ltr'>illustribus</span> <span class='ocrx_word' id='word_1_192' title='bbox 649 1950 853 1995; x_wconf 86' lang='lat' dir='ltr'>quibusdam</span> <span class='ocrx_word' id='word_1_193' title='bbox 892 1952 1031 1988; x_wconf 79' lang='lat' dir='ltr'>Galliae</span> <span class='ocrx_word' id='word_1_194' title='bbox 1070 1955 1104 1987; x_wconf 68' lang='grc' dir='ltr'>δε</span> 
     </span>
     <span class='ocr_line' id='line_1_36' title="bbox 344 2000 1101 2045; baseline 0.009 -14"><span class='ocrx_word' id='word_1_195' title='bbox 344 2009 488 2045; x_wconf 78' lang='lat' dir='ltr'>magnae</span> <span class='ocrx_word' id='word_1_196' title='bbox 518 2000 722 2036; x_wconf 58' lang='lat' dir='ltr'>Baitanniae</span> <span class='ocrx_word' id='word_1_197' title='bbox 749 2003 910 2038; x_wconf 78' lang='lat' dir='ltr'>Familiis</span> <span class='ocrx_word' id='word_1_198' title='bbox 937 2003 1101 2038; x_wconf 84' lang='lat' dir='ltr'>honorifi-</span> 
     </span>
     <span class='ocr_line' id='line_1_37' title="bbox 343 2048 1105 2102; baseline 0.009 -20"><span class='ocrx_word' id='word_1_199' title='bbox 343 2060 420 2083; x_wconf 87' lang='lat' dir='ltr'>cum</span> <span class='ocrx_word' id='word_1_200' title='bbox 453 2048 516 2084; x_wconf 82' lang='lat' dir='ltr'>hoc</span> <span class='ocrx_word' id='word_1_201' title='bbox 550 2064 676 2087; x_wconf 88' lang='lat' dir='ltr'>nomen</span> <span class='ocrx_word' id='word_1_202' title='bbox 704 2053 737 2086; x_wconf 80' lang='lat'>8&lt;</span> <span class='ocrx_word' id='word_1_203' title='bbox 770 2066 894 2089; x_wconf 88' lang='lat' dir='ltr'>munus</span> <span class='ocrx_word' id='word_1_204' title='bbox 925 2053 1105 2102; x_wconf 80' lang='lat' dir='ltr'>perdurat.</span> 
     </span>
    </p>

    <p class='ocr_par' dir='ltr' id='par_1_3' title="bbox 339 2096 1170 2643">
     <span class='ocr_line' id='line_1_38' title="bbox 393 2096 1170 2150; baseline 0.009 -17"><span class='ocrx_word' id='word_1_205' title='bbox 393 2099 451 2134; x_wconf 80' lang='lat' dir='ltr'>Ad</span> <span class='ocrx_word' id='word_1_206' title='bbox 484 2102 623 2136; x_wconf 78' lang='lat' dir='ltr'>Italiam</span> <span class='ocrx_word' id='word_1_207' title='bbox 663 2103 756 2150; x_wconf 86' lang='lat' dir='ltr'>quod</span> <span class='ocrx_word' id='word_1_208' title='bbox 792 2105 942 2148; x_wconf 76' lang='lat' dir='ltr'>attinet,</span> <span class='ocrx_word' id='word_1_209' title='bbox 973 2105 1104 2150; x_wconf 79' lang='lat' dir='ltr'>jamdiu</span> <span class='ocrx_word' id='word_1_210' title='bbox 1143 2096 1170 2129; x_wconf 73' lang='lat' dir='ltr'>E</span> 
     </span>
     <span class='ocr_line' id='line_1_39' title="bbox 343 2149 1102 2190; baseline 0.008 -6"><span class='ocrx_word' id='word_1_211' title='bbox 343 2149 488 2185; x_wconf 83' lang='lat' dir='ltr'>evanuit</span> <span class='ocrx_word' id='word_1_212' title='bbox 519 2153 732 2187; x_wconf 77' lang='lat' dir='ltr'>Vicecomitum</span> <span class='ocrx_word' id='word_1_213' title='bbox 759 2154 938 2190; x_wconf 59' lang='lat' dir='ltr'>officium.</span> <span class='ocrx_word' id='word_1_214' title='bbox 971 2157 1040 2190; x_wconf 83' lang='lat' dir='ltr'>Eos</span> <span class='ocrx_word' id='word_1_215' title='bbox 1067 2169 1102 2190; x_wconf 83' lang='lat' dir='ltr'>o-</span> 
     </span>
     <span class='ocr_line' id='line_1_40' title="bbox 343 2200 1103 2250; baseline 0.011 -17"><span class='ocrx_word' id='word_1_216' title='bbox 343 2200 407 2234; x_wconf 85' lang='lat' dir='ltr'>lim</span> <span class='ocrx_word' id='word_1_217' title='bbox 433 2203 676 2250; x_wconf 79' lang='lat' dir='ltr'>Langobardia</span> <span class='ocrx_word' id='word_1_218' title='bbox 704 2205 827 2250; x_wconf 87' lang='lat' dir='ltr'>novit,</span> <span class='ocrx_word' id='word_1_219' title='bbox 854 2219 892 2241; x_wconf 84' lang='lat' dir='ltr'>ac</span> <span class='ocrx_word' id='word_1_220' title='bbox 920 2207 1034 2240; x_wconf 88' lang='lat' dir='ltr'>multo</span> <span class='ocrx_word' id='word_1_221' title='bbox 1066 2206 1103 2241; x_wconf 87' lang='lat' dir='ltr'>in</span> 
     </span>
     <span class='ocr_line' id='line_1_41' title="bbox 343 2250 1104 2292; baseline 0.011 -8"><span class='ocrx_word' id='word_1_222' title='bbox 343 2250 474 2287; x_wconf 86' lang='lat' dir='ltr'>honore</span> <span class='ocrx_word' id='word_1_223' title='bbox 500 2253 642 2289; x_wconf 87' lang='lat' dir='ltr'>habuit.</span> <span class='ocrx_word' id='word_1_224' title='bbox 671 2255 893 2290; x_wconf 71' lang='lat' dir='ltr'>Donizonem</span> <span class='ocrx_word' id='word_1_225' title='bbox 919 2256 996 2291; x_wconf 84' lang='lat' dir='ltr'>audi</span> <span class='ocrx_word' id='word_1_226' title='bbox 1021 2256 1104 2292; x_wconf 73' lang='lat' dir='ltr'>Lib.</span> 
     </span>
     <span class='ocr_line' id='line_1_42' title="bbox 342 2302 1099 2354; baseline 0.009 -19"><span class='ocrx_word' id='word_1_227' title='bbox 342 2302 369 2335; x_wconf 89' lang='lat' dir='ltr'>I.</span> <span class='ocrx_word' id='word_1_228' title='bbox 394 2304 479 2350; x_wconf 85' lang='lat' dir='ltr'>Cap.</span> <span class='ocrx_word' id='word_1_229' title='bbox 507 2317 561 2351; x_wconf 81' lang='lat'>13.</span> <span class='ocrx_word' id='word_1_230' title='bbox 584 2305 689 2341; x_wconf 83' lang='lat' dir='ltr'>Vitae</span> <span class='ocrx_word' id='word_1_231' title='bbox 719 2307 928 2349; x_wconf 76' lang='lat' dir='ltr'>Mathildis,</span> <span class='ocrx_word' id='word_1_232' title='bbox 957 2308 1017 2354; x_wconf 90' lang='lat' dir='ltr'>qui</span> <span class='ocrx_word' id='word_1_233' title='bbox 1045 2321 1099 2342; x_wconf 89' lang='lat' dir='ltr'>ve-</span> 
     </span>
     <span class='ocr_line' id='line_1_43' title="bbox 341 2353 1099 2405; baseline 0.008 -19"><span class='ocrx_word' id='word_1_234' title='bbox 341 2353 409 2387; x_wconf 89' lang='lat' dir='ltr'>luti</span> <span class='ocrx_word' id='word_1_235' title='bbox 431 2368 500 2389; x_wconf 88' lang='lat' dir='ltr'>rem</span> <span class='ocrx_word' id='word_1_236' title='bbox 527 2357 694 2391; x_wconf 72' lang='lat' dir='ltr'>memoria</span> <span class='ocrx_word' id='word_1_237' title='bbox 714 2357 854 2405; x_wconf 79' lang='lat' dir='ltr'>dignam</span> <span class='ocrx_word' id='word_1_238' title='bbox 877 2367 1014 2398; x_wconf 79' lang='lat' dir='ltr'>narrat,</span> <span class='ocrx_word' id='word_1_239' title='bbox 1035 2359 1099 2392; x_wconf 74' lang='lat' dir='ltr'>Al-</span> 
     </span>
     <span class='ocr_line' id='line_1_44' title="bbox 340 2405 1100 2443; baseline 0.005 -5"><span class='ocrx_word' id='word_1_240' title='bbox 340 2405 458 2438; x_wconf 77' lang='lat' dir='ltr'>bertum</span> <span class='ocrx_word' id='word_1_241' title='bbox 488 2408 694 2442; x_wconf 76' lang='lat' dir='ltr'>Vicecomitem</span> <span class='ocrx_word' id='word_1_242' title='bbox 720 2407 940 2443; x_wconf 80' lang='lat' dir='ltr'>descendenti</span> <span class='ocrx_word' id='word_1_243' title='bbox 966 2409 1002 2443; x_wconf 88' lang='lat' dir='ltr'>in</span> <span class='ocrx_word' id='word_1_244' title='bbox 1033 2410 1100 2442; x_wconf 79' lang='lat' dir='ltr'>lta·</span> 
     </span>
     <span class='ocr_line' id='line_1_45' title="bbox 339 2456 1100 2506; baseline 0.004 -16"><span class='ocrx_word' id='word_1_245' title='bbox 339 2456 425 2490; x_wconf 89' lang='lat' dir='ltr'>liam</span> <span class='ocrx_word' id='word_1_246' title='bbox 455 2456 612 2491; x_wconf 86' lang='lat' dir='ltr'>Henrico</span> <span class='ocrx_word' id='word_1_247' title='bbox 638 2458 730 2494; x_wconf 77' lang='lat' dir='ltr'>inter</span> <span class='ocrx_word' id='word_1_248' title='bbox 751 2459 924 2506; x_wconf 76' lang='lat' dir='ltr'>Augustos</span> <span class='ocrx_word' id='word_1_249' title='bbox 952 2458 1100 2493; x_wconf 89' lang='lat' dir='ltr'>secundo</span> 
     </span>
     <span class='ocr_line' id='line_1_46' title="bbox 339 2508 1118 2553; baseline 0.003 -11"><span class='ocrx_word' id='word_1_250' title='bbox 339 2508 450 2542; x_wconf 85' lang='lat' dir='ltr'>Anno</span> <span class='ocrx_word' id='word_1_251' title='bbox 488 2509 663 2542; x_wconf 79' lang='lat' dir='ltr'>MXLVI.</span> <span class='ocrx_word' id='word_1_252' title='bbox 699 2509 883 2553; x_wconf 67' lang='lat' dir='ltr'>obtulisse,</span> <span class='ocrx_word' id='word_1_253' title='bbox 916 2509 971 2545; x_wconf 87' lang='lat' dir='ltr'>seu</span> <span class='ocrx_word' id='word_1_254' title='bbox 1009 2509 1118 2544; x_wconf 79' lang='lat' dir='ltr'>dono&#39;</span> 
     </span>
     <span class='ocr_line' id='line_1_47' title="bbox 341 2556 1099 2607; baseline 0.004 -15"><span class='ocrx_word' id='word_1_255' title='bbox 341 2556 466 2592; x_wconf 74' lang='lat' dir='ltr'>dedisse</span> <span class='ocrx_word' id='word_1_256' title='bbox 494 2568 634 2594; x_wconf 88' lang='lat' dir='ltr'>centum</span> <span class='ocrx_word' id='word_1_257' title='bbox 672 2573 779 2607; x_wconf 77' lang='lat' dir='ltr'>equos</span> <span class='ocrx_word' id='word_1_258' title='bbox 805 2561 838 2595; x_wconf 90' lang='lat'>&amp;</span> <span class='ocrx_word' id='word_1_259' title='bbox 869 2560 1039 2596; x_wconf 84' lang='lat' dir='ltr'>ducentos</span> <span class='ocrx_word' id='word_1_260' title='bbox 1065 2574 1099 2595; x_wconf 81' lang='lat' dir='ltr'>a·</span> 
     </span>
     <span class='ocr_line' id='line_1_48' title="bbox 339 2608 466 2643; baseline 0.008 -1"><span class='ocrx_word' id='word_1_261' title='bbox 339 2608 440 2643; x_wconf 64' lang='lat' dir='ltr'>stares</span> <span class='ocrx_word' id='word_1_262' title='bbox 458 2621 466 2643; x_wconf 90' lang='lat'>:</span> 
     </span>
    </p>
   </div>
   <div class='ocr_carea' id='block_1_3' title="bbox 1158 739 1183 772">
    <p class='ocr_par' dir='ltr' id='par_1_4' title="bbox 1158 739 1183 772">
     <span class='ocr_line' id='line_1_49' title="bbox 1158 739 1183 772; baseline 0 0"><span class='ocrx_word' id='word_1_263' title='bbox 1158 739 1183 772; x_wconf 87' lang='lat' dir='ltr'>B</span> 
     </span>
    </p>
   </div>
   <div class='ocr_carea' id='block_1_4' title="bbox 1114 2543 1178 2646">
    <p class='ocr_par' dir='ltr' id='par_1_5' title="bbox 1114 2543 1178 2646">
     <span class='ocr_line' id='line_1_50' title="bbox 1116 2543 1120 2584; baseline 0 0"><span class='ocrx_word' id='word_1_264' title='bbox 1116 2543 1120 2584; x_wconf 79' lang='lat' dir='ltr'>l</span> 
     </span>
     <span class='ocr_line' id='line_1_51' title="bbox 1114 2609 1178 2646; baseline 0 -18"><span class='ocrx_word' id='word_1_265' title='bbox 1114 2616 1119 2646; x_wconf 32' lang='grc' dir='ltr'>ἡ</span> <span class='ocrx_word' id='word_1_266' title='bbox 1174 2609 1178 2628; x_wconf 76' lang='grc' dir='ltr'><strong><em>ι</em></strong></span> 
     </span>
    </p>
   </div>
   <div class='ocr_carea' id='block_1_5' title="bbox 727 223 1620 279">
    <p class='ocr_par' dir='ltr' id='par_1_6' title="bbox 727 223 1620 279">
     <span class='ocr_line' id='line_1_52' title="bbox 727 223 1620 279; baseline 0.006 -15"><span class='ocrx_word' id='word_1_267' title='bbox 727 223 1116 279; x_wconf 69' lang='lat' dir='ltr'><strong><em>ANTIQUJT.</em></strong></span> <span class='ocrx_word' id='word_1_268' title='bbox 1168 224 1392 267; x_wconf 91' lang='lat' dir='ltr'><em>MEDII</em></span> <span class='ocrx_word' id='word_1_269' title='bbox 1442 227 1620 269; x_wconf 87' lang='lat' dir='ltr'><em>AEVI</em></span> 
     </span>
    </p>
   </div>
   <div class='ocr_carea' id='block_1_6' title="bbox 1829 231 1915 284">
    <p class='ocr_par' dir='ltr' id='par_1_7' title="bbox 1829 231 1915 284">
     <span class='ocr_line' id='line_1_53' title="bbox 1829 231 1915 284; baseline 0 0"><span class='ocrx_word' id='word_1_270' title='bbox 1829 231 1915 284; x_wconf 77' lang='lat'>748</span> 
     </span>
    </p>
   </div>
   <div class='ocr_carea' id='block_1_7' title="bbox 1261 310 1977 604">
    <p class='ocr_par' dir='ltr' id='par_1_8' title="bbox 1262 310 1977 403">
     <span class='ocr_line' id='line_1_54' title="bbox 1262 310 1977 355; baseline 0.006 -11"><span class='ocrx_word' id='word_1_271' title='bbox 1262 313 1351 344; x_wconf 78' lang='lat' dir='ltr'>Tunc</span> <span class='ocrx_word' id='word_1_272' title='bbox 1379 312 1486 343; x_wconf 88' lang='lat' dir='ltr'>Comes</span> <span class='ocrx_word' id='word_1_273' title='bbox 1503 312 1659 346; x_wconf 66' lang='lat' dir='ltr'>Albertus</span> <span class='ocrx_word' id='word_1_274' title='bbox 1682 310 1775 355; x_wconf 70' lang='lat' dir='ltr'>llice,</span> <span class='ocrx_word' id='word_1_275' title='bbox 1793 311 1885 346; x_wconf 72' lang='lat' dir='ltr'>dives</span> <span class='ocrx_word' id='word_1_276' title='bbox 1907 317 1977 348; x_wconf 64' lang='lat' dir='ltr'>mai</span> 
     </span>
     <span class='ocr_line' id='line_1_55' title="bbox 1365 360 1610 403; baseline 0.008 -10"><span class='ocrx_word' id='word_1_277' title='bbox 1365 360 1464 403; x_wconf 74' lang='lat' dir='ltr'>xime,</span> <span class='ocrx_word' id='word_1_278' title='bbox 1492 364 1610 395; x_wconf 82' lang='lat' dir='ltr'>Servus</span> 
     </span>
    </p>

    <p class='ocr_par' dir='ltr' id='par_1_9' title="bbox 1264 410 1973 505">
     <span class='ocr_line' id='line_1_56' title="bbox 1264 410 1973 460; baseline -0.003 -14"><span class='ocrx_word' id='word_1_279' title='bbox 1264 410 1484 457; x_wconf 66' lang='lat' dir='ltr'>Praedifflque</span> <span class='ocrx_word' id='word_1_280' title='bbox 1513 412 1611 446; x_wconf 84' lang='lat' dir='ltr'>Ducis</span> <span class='ocrx_word' id='word_1_281' title='bbox 1629 439 1639 457; x_wconf 83' lang='lat'>‚</span> <span class='ocrx_word' id='word_1_282' title='bbox 1667 411 1827 447; x_wconf 77' lang='lat' dir='ltr'>habitator</span> <span class='ocrx_word' id='word_1_283' title='bbox 1855 412 1898 446; x_wconf 63' lang='grc' dir='ltr'>(θ’</span> <span class='ocrx_word' id='word_1_284' title='bbox 1925 412 1973 460; x_wconf 74' lang='lat' dir='ltr'>ip.</span> 
     </span>
     <span class='ocr_line' id='line_1_57' title="bbox 1358 461 1566 505; baseline -0.005 -10"><span class='ocrx_word' id='word_1_285' title='bbox 1358 461 1426 503; x_wconf 74' lang='lat' dir='ltr'>sius</span> <span class='ocrx_word' id='word_1_286' title='bbox 1454 462 1566 505; x_wconf 81' lang='lat' dir='ltr'>Urbis,</span> 
     </span>
    </p>

    <p class='ocr_par' dir='ltr' id='par_1_10' title="bbox 1261 513 1929 559">
     <span class='ocr_line' id='line_1_58' title="bbox 1261 513 1929 559; baseline -0.004 -13"><span class='ocrx_word' id='word_1_287' title='bbox 1261 513 1449 559; x_wconf 79' lang='lat' dir='ltr'>Cornipedes</span> <span class='ocrx_word' id='word_1_288' title='bbox 1475 522 1594 546; x_wconf 84' lang='lat' dir='ltr'>centum</span> <span class='ocrx_word' id='word_1_289' title='bbox 1620 526 1929 536; x_wconf 79' lang='lat'>———---</span> 
     </span>
    </p>

    <p class='ocr_par' dir='ltr' id='par_1_11' title="bbox 1264 562 1957 604">
     <span class='ocr_line' id='line_1_59' title="bbox 1264 562 1957 604; baseline 0.003 -8"><span class='ocrx_word' id='word_1_290' title='bbox 1264 576 1570 584; x_wconf 68' lang='grc'>·--·--·--·’</span> <span class='ocrx_word' id='word_1_291' title='bbox 1591 562 1690 604; x_wconf 73' lang='lat' dir='ltr'>simul</span> <span class='ocrx_word' id='word_1_292' title='bbox 1716 564 1830 598; x_wconf 79' lang='lat' dir='ltr'>obtulit</span> <span class='ocrx_word' id='word_1_293' title='bbox 1856 564 1957 598; x_wconf 79' lang='lat' dir='ltr'>ultro.</span> 
     </span>
    </p>
   </div>
   <div class='ocr_carea' id='block_1_8' title="bbox 1211 637 1968 736">
    <p class='ocr_par' dir='ltr' id='par_1_12' title="bbox 1211 637 1968 736">
     <span class='ocr_line' id='line_1_60' title="bbox 1213 637 1968 684; baseline 0.005 -13"><span class='ocrx_word' id='word_1_294' title='bbox 1213 639 1342 684; x_wconf 84' lang='lat' dir='ltr'>Raptus</span> <span class='ocrx_word' id='word_1_295' title='bbox 1370 637 1406 672; x_wconf 86' lang='lat' dir='ltr'>in</span> <span class='ocrx_word' id='word_1_296' title='bbox 1435 637 1705 674; x_wconf 80' lang='lat' dir='ltr'>admirationem</span> <span class='ocrx_word' id='word_1_297' title='bbox 1727 638 1902 675; x_wconf 85' lang='lat' dir='ltr'>Henricus</span> <span class='ocrx_word' id='word_1_298' title='bbox 1929 639 1968 675; x_wconf 91' lang='lat' dir='ltr'>in</span> 
     </span>
     <span class='ocr_line' id='line_1_61' title="bbox 1211 687 1586 736; baseline 0.008 -15"><span class='ocrx_word' id='word_1_299' title='bbox 1211 687 1290 722; x_wconf 81' lang='lat' dir='ltr'>haec</span> <span class='ocrx_word' id='word_1_300' title='bbox 1321 688 1423 723; x_wconf 87' lang='lat' dir='ltr'>verba</span> <span class='ocrx_word' id='word_1_301' title='bbox 1451 688 1586 736; x_wconf 87' lang='lat' dir='ltr'>erupit:</span> 
     </span>
    </p>
   </div>
   <div class='ocr_carea' id='block_1_9' title="bbox 1258 763 1967 858">
    <p class='ocr_par' dir='ltr' id='par_1_13' title="bbox 1258 763 1967 858">
     <span class='ocr_line' id='line_1_62' title="bbox 1258 763 1967 812; baseline 0.004 -16"><span class='ocrx_word' id='word_1_302' title='bbox 1258 763 1343 809; x_wconf 58' lang='lat' dir='ltr'>„Quis</span> <span class='ocrx_word' id='word_1_303' title='bbox 1371 765 1428 797; x_wconf 78' lang='lat' dir='ltr'>Vir</span> <span class='ocrx_word' id='word_1_304' title='bbox 1453 764 1546 798; x_wconf 77' lang='lat' dir='ltr'>habet</span> <span class='ocrx_word' id='word_1_305' title='bbox 1570 767 1705 809; x_wconf 77' lang='lat' dir='ltr'>Servos,</span> <span class='ocrx_word' id='word_1_306' title='bbox 1733 765 1840 812; x_wconf 84' lang='lat' dir='ltr'>quales</span> <span class='ocrx_word' id='word_1_307' title='bbox 1865 765 1967 799; x_wconf 78' lang='lat' dir='ltr'>Boni.</span> 
     </span>
     <span class='ocr_line' id='line_1_63' title="bbox 1354 814 1594 858; baseline -0.004 -9"><span class='ocrx_word' id='word_1_308' title='bbox 1354 814 1458 858; x_wconf 76' lang='lat' dir='ltr'>facins</span> <span class='ocrx_word' id='word_1_309' title='bbox 1472 817 1491 847; x_wconf 86' lang='lat'><em>?</em></span> <span class='ocrx_word' id='word_1_310' title='bbox 1518 828 1594 836; x_wconf 62' lang='grc'>’-</span> 
     </span>
    </p>
   </div>
   <div class='ocr_carea' id='block_1_10' title="bbox 1206 889 1966 939">
    <p class='ocr_par' dir='ltr' id='par_1_14' title="bbox 1206 889 1966 939">
     <span class='ocr_line' id='line_1_64' title="bbox 1206 889 1966 939; baseline 0.001 -14"><span class='ocrx_word' id='word_1_311' title='bbox 1206 892 1327 935; x_wconf 83' lang='lat' dir='ltr'>Quum</span> <span class='ocrx_word' id='word_1_312' title='bbox 1342 904 1384 926; x_wconf 85' lang='lat' dir='ltr'>ex</span> <span class='ocrx_word' id='word_1_313' title='bbox 1401 889 1455 926; x_wconf 88' lang='lat' dir='ltr'>his</span> <span class='ocrx_word' id='word_1_314' title='bbox 1470 889 1664 927; x_wconf 79' lang='lat' dir='ltr'>Donizonis</span> <span class='ocrx_word' id='word_1_315' title='bbox 1680 891 1795 926; x_wconf 87' lang='lat' dir='ltr'>verbis</span> <span class='ocrx_word' id='word_1_316' title='bbox 1812 891 1966 939; x_wconf 85' lang='lat' dir='ltr'>liqueat,</span> 
     </span>
    </p>
   </div>
   <div class='ocr_carea' id='block_1_11' title="bbox 1193 941 1966 2557">
    <p class='ocr_par' dir='ltr' id='par_1_15' title="bbox 1193 941 1966 2557">
     <span class='ocr_line' id='line_1_65' title="bbox 1210 941 1965 977; baseline 0.001 -2"><span class='ocrx_word' id='word_1_317' title='bbox 1210 943 1394 976; x_wconf 68' lang='lat' dir='ltr'>Albertum</span> <span class='ocrx_word' id='word_1_318' title='bbox 1423 941 1514 976; x_wconf 88' lang='lat' dir='ltr'>hunc</span> <span class='ocrx_word' id='word_1_319' title='bbox 1539 945 1672 976; x_wconf 77' lang='lat' dir='ltr'>servu-m</span> <span class='ocrx_word' id='word_1_320' title='bbox 1699 942 1796 977; x_wconf 82' lang='lat' dir='ltr'>fuiffe</span> <span class='ocrx_word' id='word_1_321' title='bbox 1823 941 1965 977; x_wconf 87' lang='lat' dir='ltr'>Bonifa-</span> 
     </span>
     <span class='ocr_line' id='line_1_66' title="bbox 1210 991 1964 1039; baseline 0 -12"><span class='ocrx_word' id='word_1_322' title='bbox 1210 991 1252 1027; x_wconf 59' lang='lat' dir='ltr'>”ii</span> <span class='ocrx_word' id='word_1_323' title='bbox 1289 991 1510 1027; x_wconf 86' lang='lat' dir='ltr'>Marchionis</span> <span class='ocrx_word' id='word_1_324' title='bbox 1546 993 1579 1027; x_wconf 86' lang='lat'>&amp;</span> <span class='ocrx_word' id='word_1_325' title='bbox 1618 992 1749 1035; x_wconf 78' lang='lat' dir='ltr'>Ducis,</span> <span class='ocrx_word' id='word_1_326' title='bbox 1780 992 1842 1039; x_wconf 88' lang='lat' dir='ltr'>qui</span> <span class='ocrx_word' id='word_1_327' title='bbox 1880 1003 1964 1028; x_wconf 88' lang='lat' dir='ltr'>tunc</span> 
     </span>
     <span class='ocr_line' id='line_1_67' title="bbox 1210 1042 1966 1090; baseline 0 -13"><span class='ocrx_word' id='word_1_328' title='bbox 1210 1045 1374 1077; x_wconf 72' lang='lat' dir='ltr'>Mantuae</span> <span class='ocrx_word' id='word_1_329' title='bbox 1410 1042 1627 1089; x_wconf 83' lang='lat' dir='ltr'>imperabat,</span> <span class='ocrx_word' id='word_1_330' title='bbox 1664 1042 1830 1090; x_wconf 85' lang='lat' dir='ltr'>consequi</span> <span class='ocrx_word' id='word_1_331' title='bbox 1867 1042 1966 1077; x_wconf 85' lang='lat' dir='ltr'>vide-</span> 
     </span>
     <span class='ocr_line' id='line_1_68' title="bbox 1207 1092 1965 1141; baseline 0.003 -16"><span class='ocrx_word' id='word_1_332' title='bbox 1207 1105 1282 1134; x_wconf 70' lang='lat' dir='ltr'>vur,</span> <span class='ocrx_word' id='word_1_333' title='bbox 1313 1092 1425 1139; x_wconf 85' lang='lat' dir='ltr'>ipsum</span> <span class='ocrx_word' id='word_1_334' title='bbox 1463 1092 1562 1127; x_wconf 75' lang='lat' dir='ltr'>fuisse</span> <span class='ocrx_word' id='word_1_335' title='bbox 1598 1093 1749 1141; x_wconf 84' lang='lat' dir='ltr'>ejusdem</span> <span class='ocrx_word' id='word_1_336' title='bbox 1775 1092 1965 1128; x_wconf 48' lang='lat' dir='ltr'>‘Bonifacii</span> 
     </span>
     <span class='ocr_line' id='line_1_69' title="bbox 1207 1142 1965 1186; baseline 0.003 -10"><span class='ocrx_word' id='word_1_337' title='bbox 1207 1143 1419 1185; x_wconf 64' lang='lat' dir='ltr'>Vaffsslum,</span> <span class='ocrx_word' id='word_1_338' title='bbox 1447 1153 1506 1177; x_wconf 89' lang='lat' dir='ltr'>aut</span> <span class='ocrx_word' id='word_1_339' title='bbox 1543 1143 1767 1186; x_wconf 84' lang='lat' dir='ltr'>Ministrum,</span> <span class='ocrx_word' id='word_1_340' title='bbox 1796 1142 1862 1178; x_wconf 81' lang='lat' dir='ltr'>five</span> <span class='ocrx_word' id='word_1_341' title='bbox 1892 1145 1965 1178; x_wconf 90' lang='lat' dir='ltr'>Cu-</span> 
     </span>
     <span class='ocr_line' id='line_1_70' title="bbox 1205 1193 1964 1239; baseline -0.004 -12"><span class='ocrx_word' id='word_1_342' title='bbox 1205 1193 1349 1233; x_wconf 76' lang='lat' dir='ltr'>rialem,</span> <span class='ocrx_word' id='word_1_343' title='bbox 1376 1194 1410 1226; x_wconf 74' lang='lat'>8&lt;</span> <span class='ocrx_word' id='word_1_344' title='bbox 1449 1206 1510 1239; x_wconf 91' lang='lat' dir='ltr'>pro</span> <span class='ocrx_word' id='word_1_345' title='bbox 1539 1193 1614 1235; x_wconf 85' lang='lat' dir='ltr'>ipso</span> <span class='ocrx_word' id='word_1_346' title='bbox 1647 1195 1855 1228; x_wconf 79' lang='lat' dir='ltr'>Vicecomitem</span> <span class='ocrx_word' id='word_1_347' title='bbox 1891 1193 1964 1239; x_wconf 81' lang='lat' dir='ltr'>eju.</span> 
     </span>
     <span class='ocr_line' id='line_1_71' title="bbox 1205 1242 1963 1292; baseline 0.004 -15"><span class='ocrx_word' id='word_1_348' title='bbox 1205 1243 1294 1278; x_wconf 71' lang='lat' dir='ltr'>l&#39;dem</span> <span class='ocrx_word' id='word_1_349' title='bbox 1323 1242 1516 1278; x_wconf 84' lang='lat' dir='ltr'>Civitatis.</span> <span class='ocrx_word' id='word_1_350' title='bbox 1545 1243 1652 1287; x_wconf 84' lang='lat' dir='ltr'>Quod</span> <span class='ocrx_word' id='word_1_351' title='bbox 1680 1246 1784 1285; x_wconf 77' lang='lat' dir='ltr'>vero,</span> <span class='ocrx_word' id='word_1_352' title='bbox 1812 1243 1865 1279; x_wconf 82' lang='lat' dir='ltr'>uri</span> <span class='ocrx_word' id='word_1_353' title='bbox 1893 1245 1963 1292; x_wconf 78' lang='lat' dir='ltr'>jam</span> 
     </span>
     <span class='ocr_line' id='line_1_72' title="bbox 1207 1292 1966 1340; baseline 0.001 -12"><span class='ocrx_word' id='word_1_354' title='bbox 1207 1293 1350 1340; x_wconf 88' lang='lat' dir='ltr'>praefati</span> <span class='ocrx_word' id='word_1_355' title='bbox 1387 1292 1525 1336; x_wconf 78' lang='lat' dir='ltr'>sumuS,</span> <span class='ocrx_word' id='word_1_356' title='bbox 1554 1293 1719 1328; x_wconf 86' lang='lat' dir='ltr'>Titulum</span> <span class='ocrx_word' id='word_1_357' title='bbox 1758 1293 1849 1328; x_wconf 86' lang='lat' dir='ltr'>hunc</span> <span class='ocrx_word' id='word_1_358' title='bbox 1877 1307 1966 1329; x_wconf 89' lang='lat' dir='ltr'>non-</span> 
     </span>
     <span class='ocr_line' id='line_1_73' title="bbox 1203 1343 1964 1391; baseline -0.003 -13"><span class='ocrx_word' id='word_1_359' title='bbox 1203 1344 1292 1380; x_wconf 80' lang='lat' dir='ltr'>nulli</span> <span class='ocrx_word' id='word_1_360' title='bbox 1320 1343 1396 1378; x_wconf 86' lang='lat' dir='ltr'>suos</span> <span class='ocrx_word' id='word_1_361' title='bbox 1424 1344 1466 1379; x_wconf 89' lang='lat' dir='ltr'>ad</span> <span class='ocrx_word' id='word_1_362' title='bbox 1493 1343 1661 1391; x_wconf 87' lang='lat' dir='ltr'>posteros,</span> <span class='ocrx_word' id='word_1_363' title='bbox 1685 1343 1787 1378; x_wconf 69' lang='lat' dir='ltr'>venia</span> <span class='ocrx_word' id='word_1_364' title='bbox 1813 1344 1831 1377; x_wconf 73' lang='grc' dir='ltr'>ὲ</span> <span class='ocrx_word' id='word_1_365' title='bbox 1859 1344 1964 1391; x_wconf 81' lang='lat' dir='ltr'>Regi-</span> 
     </span>
     <span class='ocr_line' id='line_1_74' title="bbox 1203 1393 1962 1442; baseline -0.004 -13"><span class='ocrx_word' id='word_1_366' title='bbox 1203 1396 1284 1439; x_wconf 87' lang='lat' dir='ltr'>bus,</span> <span class='ocrx_word' id='word_1_367' title='bbox 1318 1394 1385 1430; x_wconf 87' lang='lat' dir='ltr'>five</span> <span class='ocrx_word' id='word_1_368' title='bbox 1423 1395 1696 1442; x_wconf 86' lang='lat' dir='ltr'>Imperatoribus</span> <span class='ocrx_word' id='word_1_369' title='bbox 1727 1393 1838 1437; x_wconf 52' lang='lat' dir='ltr'>faeta,</span> <span class='ocrx_word' id='word_1_370' title='bbox 1870 1403 1962 1429; x_wconf 80' lang='lat' dir='ltr'>tran.</span> 
     </span>
     <span class='ocr_line' id='line_1_75' title="bbox 1202 1444 1963 1492; baseline -0.007 -11"><span class='ocrx_word' id='word_1_371' title='bbox 1202 1446 1355 1481; x_wconf 54' lang='lat' dir='ltr'>l‘mittere</span> <span class='ocrx_word' id='word_1_372' title='bbox 1393 1445 1592 1492; x_wconf 89' lang='lat' dir='ltr'>coeperint,</span> <span class='ocrx_word' id='word_1_373' title='bbox 1622 1444 1740 1480; x_wconf 84' lang='lat' dir='ltr'>senfim</span> <span class='ocrx_word' id='word_1_374' title='bbox 1779 1444 1816 1479; x_wconf 85' lang='lat' dir='ltr'>in</span> <span class='ocrx_word' id='word_1_375' title='bbox 1846 1445 1963 1480; x_wconf 81' lang='lat' dir='ltr'>Fami.</span> 
     </span>
     <span class='ocr_line' id='line_1_76' title="bbox 1201 1495 1960 1544; baseline 0.003 -14"><span class='ocrx_word' id='word_1_376' title='bbox 1201 1497 1268 1532; x_wconf 88' lang='lat' dir='ltr'>liae</span> <span class='ocrx_word' id='word_1_377' title='bbox 1308 1498 1516 1543; x_wconf 84' lang='lat' dir='ltr'>Cognomen</span> <span class='ocrx_word' id='word_1_378' title='bbox 1555 1495 1726 1544; x_wconf 75' lang='lat' dir='ltr'>ejusmodi</span> <span class='ocrx_word' id='word_1_379' title='bbox 1767 1495 1960 1543; x_wconf 83' lang='lat' dir='ltr'>appellatio</span> 
     </span>
     <span class='ocr_line' id='line_1_77' title="bbox 1201 1544 1963 1594; baseline -0.003 -12"><span class='ocrx_word' id='word_1_380' title='bbox 1201 1547 1318 1582; x_wconf 84' lang='lat' dir='ltr'>ceffit.</span> <span class='ocrx_word' id='word_1_381' title='bbox 1358 1546 1558 1582; x_wconf 86' lang='lat' dir='ltr'>Placentiae</span> <span class='ocrx_word' id='word_1_382' title='bbox 1595 1544 1840 1594; x_wconf 63' lang='lat' dir='ltr'>spefflatiffima</span> <span class='ocrx_word' id='word_1_383' title='bbox 1873 1545 1963 1581; x_wconf 80' lang='lat' dir='ltr'>olim</span> 
     </span>
     <span class='ocr_line' id='line_1_78' title="bbox 1201 1595 1965 1645; baseline 0 -13"><span class='ocrx_word' id='word_1_384' title='bbox 1201 1598 1268 1633; x_wconf 82' lang='lat' dir='ltr'>fuit</span> <span class='ocrx_word' id='word_1_385' title='bbox 1296 1597 1509 1632; x_wconf 80' lang='lat' dir='ltr'>Vicecomitum</span> <span class='ocrx_word' id='word_1_386' title='bbox 1536 1610 1710 1645; x_wconf 77' lang='lat' dir='ltr'>propago,</span> <span class='ocrx_word' id='word_1_387' title='bbox 1735 1610 1777 1632; x_wconf 87' lang='lat' dir='ltr'>ex</span> <span class='ocrx_word' id='word_1_388' title='bbox 1806 1609 1873 1643; x_wconf 89' lang='lat' dir='ltr'>qua</span> <span class='ocrx_word' id='word_1_389' title='bbox 1899 1595 1965 1632; x_wconf 84' lang='lat' dir='ltr'>flu-</span> 
     </span>
     <span class='ocr_line' id='line_1_79' title="bbox 1201 1648 1961 1693; baseline -0.007 -9"><span class='ocrx_word' id='word_1_390' title='bbox 1201 1649 1254 1684; x_wconf 83' lang='lat' dir='ltr'>xit</span> <span class='ocrx_word' id='word_1_391' title='bbox 1292 1650 1418 1683; x_wconf 86' lang='lat' dir='ltr'>Beatus</span> <span class='ocrx_word' id='word_1_392' title='bbox 1455 1648 1643 1693; x_wconf 70' lang='lat' dir='ltr'>Gregorius</span> <span class='ocrx_word' id='word_1_393' title='bbox 1676 1650 1716 1681; x_wconf 88' lang='lat' dir='ltr'>X.</span> <span class='ocrx_word' id='word_1_394' title='bbox 1750 1649 1862 1693; x_wconf 87' lang='lat' dir='ltr'>Papa,</span> <span class='ocrx_word' id='word_1_395' title='bbox 1891 1648 1961 1681; x_wconf 81' lang='lat' dir='ltr'>Ar-</span> 
     </span>
     <span class='ocr_line' id='line_1_80' title="bbox 1200 1696 1958 1745; baseline -0.004 -11"><span class='ocrx_word' id='word_1_396' title='bbox 1200 1700 1280 1735; x_wconf 84' lang='lat' dir='ltr'>retii</span> <span class='ocrx_word' id='word_1_397' title='bbox 1317 1701 1425 1734; x_wconf 85' lang='lat' dir='ltr'>Anno</span> <span class='ocrx_word' id='word_1_398' title='bbox 1466 1699 1746 1734; x_wconf 82' lang='lat' dir='ltr'>MCCLXXVI.</span> <span class='ocrx_word' id='word_1_399' title='bbox 1791 1696 1958 1745; x_wconf 78' lang='lat' dir='ltr'>justorum</span> 
     </span>
     <span class='ocr_line' id='line_1_81' title="bbox 1200 1747 1960 1797; baseline -0.003 -12"><span class='ocrx_word' id='word_1_400' title='bbox 1200 1760 1312 1786; x_wconf 82' lang='lat' dir='ltr'>morte</span> <span class='ocrx_word' id='word_1_401' title='bbox 1355 1749 1558 1797; x_wconf 64' lang='lat' dir='ltr'>surreptusg,</span> <span class='ocrx_word' id='word_1_402' title='bbox 1600 1761 1746 1795; x_wconf 84' lang='lat' dir='ltr'>eamque</span> <span class='ocrx_word' id='word_1_403' title='bbox 1785 1747 1960 1783; x_wconf 86' lang='lat' dir='ltr'>diversam</span> 
     </span>
     <span class='ocr_line' id='line_1_82' title="bbox 1199 1797 1961 1846; baseline -0.008 -10"><span class='ocrx_word' id='word_1_404' title='bbox 1199 1803 1299 1846; x_wconf 89' lang='lat' dir='ltr'>plane</span> <span class='ocrx_word' id='word_1_405' title='bbox 1320 1801 1337 1836; x_wconf 67' lang='grc' dir='ltr'>ὲ</span> <span class='ocrx_word' id='word_1_406' title='bbox 1362 1801 1575 1834; x_wconf 82' lang='lat' dir='ltr'>Vicecomitum</span> <span class='ocrx_word' id='word_1_407' title='bbox 1595 1797 1879 1838; x_wconf 80' lang='lat' dir='ltr'>Mediolanenfium</span> <span class='ocrx_word' id='word_1_408' title='bbox 1895 1800 1961 1833; x_wconf 86' lang='lat' dir='ltr'>Fa.</span> 
     </span>
     <span class='ocr_line' id='line_1_83' title="bbox 1200 1847 1959 1893; baseline -0.007 -6"><span class='ocrx_word' id='word_1_409' title='bbox 1200 1852 1300 1887; x_wconf 84' lang='lat' dir='ltr'>milia</span> <span class='ocrx_word' id='word_1_410' title='bbox 1335 1850 1456 1893; x_wconf 78' lang='lat' dir='ltr'>fuiffe,</span> <span class='ocrx_word' id='word_1_411' title='bbox 1484 1850 1727 1886; x_wconf 87' lang='lat' dir='ltr'>ostendendum</span> <span class='ocrx_word' id='word_1_412' title='bbox 1760 1848 1820 1884; x_wconf 87' lang='lat' dir='ltr'>fibi</span> <span class='ocrx_word' id='word_1_413' title='bbox 1852 1847 1959 1883; x_wconf 84' lang='lat' dir='ltr'>susce·</span> 
     </span>
     <span class='ocr_line' id='line_1_84' title="bbox 1198 1898 1956 1948; baseline -0.001 -11"><span class='ocrx_word' id='word_1_414' title='bbox 1198 1905 1249 1943; x_wconf 88' lang='lat' dir='ltr'>pit</span> <span class='ocrx_word' id='word_1_415' title='bbox 1280 1904 1399 1937; x_wconf 85' lang='lat' dir='ltr'>Petrus</span> <span class='ocrx_word' id='word_1_416' title='bbox 1427 1901 1543 1936; x_wconf 89' lang='lat' dir='ltr'>Maria</span> <span class='ocrx_word' id='word_1_417' title='bbox 1564 1901 1732 1948; x_wconf 81' lang='lat' dir='ltr'>Campius</span> <span class='ocrx_word' id='word_1_418' title='bbox 1761 1899 1797 1935; x_wconf 88' lang='lat' dir='ltr'>in</span> <span class='ocrx_word' id='word_1_419' title='bbox 1824 1898 1956 1936; x_wconf 76' lang='lat' dir='ltr'>Histor-</span> 
     </span>
     <span class='ocr_line' id='line_1_85' title="bbox 1199 1951 1957 1999; baseline -0.007 -11"><span class='ocrx_word' id='word_1_420' title='bbox 1199 1953 1390 1988; x_wconf 79' lang='lat' dir='ltr'>Placentin.</span> <span class='ocrx_word' id='word_1_421' title='bbox 1408 1962 1511 1996; x_wconf 86' lang='lat' dir='ltr'>atque</span> <span class='ocrx_word' id='word_1_422' title='bbox 1531 1952 1568 1987; x_wconf 93' lang='lat' dir='ltr'>in</span> <span class='ocrx_word' id='word_1_423' title='bbox 1586 1952 1671 1986; x_wconf 87' lang='lat' dir='ltr'>Vita</span> <span class='ocrx_word' id='word_1_424' title='bbox 1692 1951 1841 1999; x_wconf 84' lang='lat' dir='ltr'>ejusdem</span> <span class='ocrx_word' id='word_1_425' title='bbox 1866 1951 1957 1984; x_wconf 88' lang='lat' dir='ltr'>Pon-</span> 
     </span>
     <span class='ocr_line' id='line_1_86' title="bbox 1199 2001 1956 2044; baseline -0.005 -6"><span class='ocrx_word' id='word_1_426' title='bbox 1199 2003 1325 2039; x_wconf 83' lang='lat' dir='ltr'>tificis.</span> <span class='ocrx_word' id='word_1_427' title='bbox 1363 2002 1654 2044; x_wconf 73' lang='lat' dir='ltr'>Mediolanensibus</span> <span class='ocrx_word' id='word_1_428' title='bbox 1689 2012 1804 2037; x_wconf 86' lang='lat' dir='ltr'>autem</span> <span class='ocrx_word' id='word_1_429' title='bbox 1838 2001 1956 2035; x_wconf 80' lang='lat' dir='ltr'>Viceco-</span> 
     </span>
     <span class='ocr_line' id='line_1_87' title="bbox 1196 2051 1955 2101; baseline 0.001 -15"><span class='ocrx_word' id='word_1_430' title='bbox 1196 2055 1351 2094; x_wconf 73' lang='lat' dir='ltr'>mitibus,</span> <span class='ocrx_word' id='word_1_431' title='bbox 1392 2066 1540 2101; x_wconf 86' lang='lat' dir='ltr'>quorum</span> <span class='ocrx_word' id='word_1_432' title='bbox 1579 2052 1774 2100; x_wconf 87' lang='lat' dir='ltr'>potentiam</span> <span class='ocrx_word' id='word_1_433' title='bbox 1810 2051 1955 2087; x_wconf 88' lang='lat' dir='ltr'>Saeculo</span> 
     </span>
     <span class='ocr_line' id='line_1_88' title="bbox 1198 2101 1956 2149; baseline -0.005 -9"><span class='ocrx_word' id='word_1_434' title='bbox 1198 2104 1396 2144; x_wconf 80' lang='lat' dir='ltr'>praesertim</span> <span class='ocrx_word' id='word_1_435' title='bbox 1434 2104 1712 2149; x_wconf 86' lang='lat' dir='ltr'>Quartodecimo</span> <span class='ocrx_word' id='word_1_436' title='bbox 1740 2113 1794 2138; x_wconf 85' lang='lat' dir='ltr'>tot</span> <span class='ocrx_word' id='word_1_437' title='bbox 1832 2101 1956 2138; x_wconf 85' lang='lat' dir='ltr'>Italiae</span> 
     </span>
     <span class='ocr_line' id='line_1_89' title="bbox 1198 2152 1956 2198; baseline -0.003 -8"><span class='ocrx_word' id='word_1_438' title='bbox 1198 2157 1308 2190; x_wconf 87' lang='lat' dir='ltr'>Urbes</span> <span class='ocrx_word' id='word_1_439' title='bbox 1329 2154 1476 2198; x_wconf 78' lang='lat' dir='ltr'>sensere,</span> <span class='ocrx_word' id='word_1_440' title='bbox 1498 2154 1586 2190; x_wconf 88' lang='lat' dir='ltr'>unde</span> <span class='ocrx_word' id='word_1_441' title='bbox 1607 2154 1791 2190; x_wconf 82' lang='lat' dir='ltr'>obvenerit</span> <span class='ocrx_word' id='word_1_442' title='bbox 1811 2153 1868 2188; x_wconf 86' lang='lat' dir='ltr'>hic</span> <span class='ocrx_word' id='word_1_443' title='bbox 1889 2152 1956 2188; x_wconf 89' lang='lat' dir='ltr'>Ti-</span> 
     </span>
     <span class='ocr_line' id='line_1_90' title="bbox 1197 2203 1954 2252; baseline -0.004 -11"><span class='ocrx_word' id='word_1_444' title='bbox 1197 2207 1290 2241; x_wconf 88' lang='lat' dir='ltr'>tulus</span> <span class='ocrx_word' id='word_1_445' title='bbox 1312 2206 1543 2252; x_wconf 73' lang='lat' dir='ltr'>(Cognomen</span> <span class='ocrx_word' id='word_1_446' title='bbox 1566 2205 1676 2252; x_wconf 85' lang='lat' dir='ltr'>postea</span> <span class='ocrx_word' id='word_1_447' title='bbox 1701 2204 1795 2249; x_wconf 70' lang='lat' dir='ltr'>genti</span> <span class='ocrx_word' id='word_1_448' title='bbox 1819 2203 1954 2251; x_wconf 49' lang='lat' dir='ltr'>faetus)</span> 
     </span>
     <span class='ocr_line' id='line_1_91' title="bbox 1198 2252 1955 2304; baseline -0.001 -13"><span class='ocrx_word' id='word_1_449' title='bbox 1198 2256 1340 2291; x_wconf 82' lang='lat' dir='ltr'>definire</span> <span class='ocrx_word' id='word_1_450' title='bbox 1362 2252 1452 2291; x_wconf 87' lang='lat' dir='ltr'>velle</span> <span class='ocrx_word' id='word_1_451' title='bbox 1474 2255 1616 2291; x_wconf 88' lang='lat' dir='ltr'>arduum</span> <span class='ocrx_word' id='word_1_452' title='bbox 1640 2255 1820 2304; x_wconf 84' lang='lat' dir='ltr'>negotium</span> <span class='ocrx_word' id='word_1_453' title='bbox 1843 2253 1955 2290; x_wconf 84' lang='lat' dir='ltr'>foret.</span> 
     </span>
     <span class='ocr_line' id='line_1_92' title="bbox 1198 2303 1955 2342; baseline -0.003 0"><span class='ocrx_word' id='word_1_454' title='bbox 1198 2306 1359 2342; x_wconf 79' lang='lat' dir='ltr'>Fortaffis</span> <span class='ocrx_word' id='word_1_455' title='bbox 1387 2307 1474 2342; x_wconf 89' lang='lat' dir='ltr'>olim</span> <span class='ocrx_word' id='word_1_456' title='bbox 1507 2306 1642 2342; x_wconf 83' lang='lat' dir='ltr'>Vicarii</span> <span class='ocrx_word' id='word_1_457' title='bbox 1672 2305 1801 2340; x_wconf 83' lang='lat' dir='ltr'>fuerint</span> <span class='ocrx_word' id='word_1_458' title='bbox 1829 2303 1955 2340; x_wconf 85' lang='lat' dir='ltr'>Comi-</span> 
     </span>
     <span class='ocr_line' id='line_1_93' title="bbox 1196 2355 1954 2403; baseline -0.003 -11"><span class='ocrx_word' id='word_1_459' title='bbox 1196 2358 1240 2393; x_wconf 91' lang='lat' dir='ltr'>tis</span> <span class='ocrx_word' id='word_1_460' title='bbox 1268 2358 1463 2403; x_wconf 86' lang='lat' dir='ltr'>Imperialis</span> <span class='ocrx_word' id='word_1_461' title='bbox 1489 2355 1740 2392; x_wconf 79' lang='lat' dir='ltr'>Mediolanensi</span> <span class='ocrx_word' id='word_1_462' title='bbox 1770 2355 1806 2390; x_wconf 88' lang='lat' dir='ltr'>in</span> <span class='ocrx_word' id='word_1_463' title='bbox 1836 2355 1954 2399; x_wconf 86' lang='lat' dir='ltr'>Urbe,</span> 
     </span>
     <span class='ocr_line' id='line_1_94' title="bbox 1195 2407 1950 2454; baseline -0.004 -11"><span class='ocrx_word' id='word_1_464' title='bbox 1195 2417 1253 2443; x_wconf 88' lang='lat' dir='ltr'>aut</span> <span class='ocrx_word' id='word_1_465' title='bbox 1277 2407 1313 2443; x_wconf 90' lang='lat' dir='ltr'>in</span> <span class='ocrx_word' id='word_1_466' title='bbox 1336 2408 1498 2443; x_wconf 85' lang='lat' dir='ltr'>Verbano</span> <span class='ocrx_word' id='word_1_467' title='bbox 1521 2409 1616 2442; x_wconf 82' lang='lat' dir='ltr'>Lacu</span> <span class='ocrx_word' id='word_1_468' title='bbox 1640 2409 1768 2454; x_wconf 78' lang='lat' dir='ltr'>Pagum</span> <span class='ocrx_word' id='word_1_469' title='bbox 1795 2407 1950 2453; x_wconf 87' lang='lat' dir='ltr'>aliquem</span> 
     </span>
     <span class='ocr_line' id='line_1_95' title="bbox 1193 2457 1955 2507; baseline -0.004 -13"><span class='ocrx_word' id='word_1_470' title='bbox 1193 2458 1440 2507; x_wconf 83' lang='lat' dir='ltr'>gubernarint,</span> <span class='ocrx_word' id='word_1_471' title='bbox 1469 2458 1566 2506; x_wconf 83' lang='lat' dir='ltr'>cujus</span> <span class='ocrx_word' id='word_1_472' title='bbox 1601 2458 1682 2494; x_wconf 73' lang='lat' dir='ltr'>esset</span> <span class='ocrx_word' id='word_1_473' title='bbox 1719 2459 1848 2493; x_wconf 78' lang='lat' dir='ltr'>Comes</span> <span class='ocrx_word' id='word_1_474' title='bbox 1884 2457 1955 2491; x_wconf 87' lang='lat' dir='ltr'>Ar-</span> 
     </span>
     <span class='ocr_line' id='line_1_96' title="bbox 1195 2507 1954 2557; baseline -0.005 -12"><span class='ocrx_word' id='word_1_475' title='bbox 1195 2509 1434 2557; x_wconf 81' lang='lat' dir='ltr'>chiepiscopus</span> <span class='ocrx_word' id='word_1_476' title='bbox 1462 2507 1752 2544; x_wconf 80' lang='lat' dir='ltr'>Mediolanenfis.</span> <span class='ocrx_word' id='word_1_477' title='bbox 1780 2507 1954 2555; x_wconf 77' lang='lat' dir='ltr'>Georgius</span> 
     </span>
    </p>
   </div>
   <div class='ocr_carea' id='block_1_12' title="bbox 1194 2558 1953 2653">
    <p class='ocr_par' dir='ltr' id='par_1_16' title="bbox 1194 2558 1953 2653">
     <span class='ocr_line' id='line_1_97' title="bbox 1194 2558 1953 2653; baseline -0.004 -57"><span class='ocrx_word' id='word_1_478' title='bbox 1194 2561 1354 2604; x_wconf 87' lang='lat' dir='ltr'>Merula,</span> <span class='ocrx_word' id='word_1_479' title='bbox 1390 2559 1569 2596; x_wconf 81' lang='lat' dir='ltr'>Tristanus</span> <span class='ocrx_word' id='word_1_480' title='bbox 1606 2558 1782 2653; x_wconf 70' lang='lat' dir='ltr'>CalchusJ.</span> <span class='ocrx_word' id='word_1_481' title='bbox 1813 2558 1953 2615; x_wconf 47' lang='lat' dir='ltr'>iffaullue</span> 
     </span>
     <span class='ocr_line' id='line_1_98' title="bbox 1776 2622 1902 2652; baseline -0.008 -8"><span class='ocrx_word' id='word_1_482' title='bbox 1776 2622 1902 2652; x_wconf 73' lang='lat' dir='ltr'>ovxus,</span> 
     </span>
    </p>
   </div>
  </div>
 </body>
</html>
