2195 3032
172 248 257 301 λος

113 304 246 352 sputari
273 302 413 350 quidem
443 298 570 348 potest,
597 298 631 332 &
659 309 782 345 negare
801 297 929 335 im-.A

115 355 242 404 pavide
262 366 366 389 nemo
386 349 505 399 poffit.
523 351 606 384 Non
621 357 695 383 erat
714 348 759 383 iis
780 356 867 382 tem-

115 405 259 454 poribus
277 404 315 439 in
334 400 460 437 Italico
478 399 575 444 solo,
599 397 868 447 regionibusque

117 453 344 491 conterminis
370 464 452 498 gens
478 451 552 486 ulla
588 449 670 485 fatis
707 458 779 484 tam
811 449 866 484 be-

116 505 234 554 nignis
261 502 337 545 usa,
365 514 452 548 quae
479 501 572 536 inter
607 498 866 548 potentiffimos

116 558 225 603 Reges
243 551 432 600 plenissime
446 552 665 587 Libertatem
682 550 776 586 suam
792 560 863 586 tue-

115 605 146 641 ri
167 603 273 650 posset
301 612 360 637 aut
389 602 550 646 auderet,
576 601 703 637 servire
732 601 866 636 nescia.

114 654 211 690 Hinc
241 662 338 689 erant
364 652 610 701 Langobardi,
647 662 706 688 aut
743 651 867 687 Franci

115 707 225 752 Reges
244 703 282 739 in
302 716 442 738 omnem
469 703 668 738 dilatandae
688 702 865 751 potentiae

113 754 327 791 occasionem
354 753 508 802 intenti3
530 753 632 788 illinc
652 753 777 788 Graeci
797 755 865 787 Im-

114 814 311 855 peratores,
330 804 391 852 qui
417 804 594 852 portiones
615 804 752 851 aliquot
776 803 863 838 anti-

113 869 202 903 quae
228 853 481 890 dominationis
507 854 727 898 retinebant,
762 854 797 888 &
824 853 864 888 ad

113 905 291 953 deperdita
316 905 546 953 recuperanda
573 904 732 952 quotidie
752 903 862 940 inhia-

114 956 220 991 bant.
258 954 333 992 Nifi
362 956 514 1004 Populus
550 956 696 1004 exiguus
732 954 865 990 medius

112 1005 237 1041 horum
265 1006 307 1041 ab
334 1006 535 1041 alterutrius
561 1005 712 1054 imperio
748 1005 865 1053 aliqua

112 1070 154 1092 ex
184 1065 279 1105 parte
306 1057 537 1105 pependisset,
558 1057 655 1091 brevi
681 1056 718 1090 in
746 1068 863 1091 eorum

114 1107 275 1155 praedam
303 1108 337 1142 δε
365 1106 570 1142 servitutem
597 1105 764 1142 ceffiffet.

163 1160 211 1192 Et
238 1158 379 1205 quidem
407 1157 555 1199 Graeci,
583 1157 639 1192 vel
667 1156 739 1204 post
764 1169 864 1191 occu-

113 1217 208 1256 patas
229 1209 247 1242 a
269 1207 510 1255 Langobardis
537 1206 714 1255 plerasque
743 1206 865 1242 Italiae

115 1267 250 1305 partes,
280 1260 505 1301 Ravennam,
543 1257 697 1301 Istriam,
726 1259 863 1292 Delma·

112 1309 227 1352 tiam,
264 1307 416 1356 aliasque
451 1307 646 1343 maritimas
684 1309 796 1343 Urbes
823 1307 863 1342 ad

108 1358 336 1394 Adriaticum
376 1357 505 1393 fretum
547 1357 607 1392 diu
649 1366 862 1405 tenuerunt3

110 1409 280 1456 simulque
309 1408 444 1456 aliquid
481 1408 567 1456 juris
603 1407 782 1442 retinuisse
808 1407 855 1442 vi-

112 1459 236 1494 dentur
264 1459 300 1493 in
329 1459 483 1502 1n1u1as‚
520 1471 606 1505 quae
634 1471 725 1493 nunc
752 1457 860 1506 splen-

111 1508 323 1544 didiffimam
365 1509 592 1544 Venetiarum
636 1509 768 1543 Urbem
806 1517 864 1543 aut

111 1560 321 1602 efformant,
359 1568 418 1594 aut
454 1557 760 1606 circumcingunt.
798 1560 861 1593 Re·

109 1609 220 1644 fertur
246 1611 265 1644 a
294 1610 458 1645 Dandulo
476 1637 486 1653 ,
514 1608 689 1652 Batonio,
717 1607 864 1655 aliisque

109 1659 346 1707 Scriptoribus
366 1660 519 1701 Epistola
540 1658 704 1707 Gregorii
732 1660 778 1693 ΙΙ.
803 1660 861 1693 Pa-

109 1723 192 1758 pae,
221 1709 347 1748 scripta
372 1709 447 1753 Urso
465 1711 550 1743 Duci
571 1710 768 1744 Venetiarum
788 1711 861 1743 An-

109 1773 155 1795 no
184 1760 418 1794 DCCXXVI.
456 1759 516 1794 ubi
553 1759 730 1806 postquam
768 1772 858 1794 enar-

109 1810 203 1846 ravit
241 1820 445 1857 occupatam
474 1811 492 1843 ὲ
519 1809 760 1858 Langobardis
797 1811 859 1844 Ra-

110 1873 284 1903 vennam,
319 1859 351 1894 ei
380 1859 571 1907 praecipit,
599 1868 638 1894 ut
665 1860 751 1895 totis
778 1859 860 1894 viri-

112 1912 174 1945 bus
213 1909 415 1956 praesidium
452 1909 538 1945 ferat
574 1910 762 1949 Exarcho,
803 1909 862 1957 qui

110 1960 277 1995 venetias
305 1959 529 2007 confugerat,
552 1969 591 1995 ut
618 1960 656 1995 in
683 1960 864 2008 pristinum

107 2011 230 2047 statum
257 2024 308 2046 res
338 2010 489 2046 Romani
518 2010 662 2058 Imperii
688 2010 864 2046 restituan-

107 2071 187 2106 tur,
214 2062 248 2095 8<
278 2063 444 2096 Ravenna
471 2071 715 2109 recuperetur,
751 2060 803 2096 ita
829 2074 862 2096 e-

111 2113 256 2161 xigente
297 2111 533 2160 Augustorum
574 2111 738 2147 servitio.
781 2113 864 2147 Non

112 2163 184 2198 alio
211 2162 321 2198 titulo
359 2171 579 2211 praeceptum
616 2162 682 2198 hoc
710 2164 863 2198 Veneto-

110 2227 186 2250 rum
215 2213 308 2248 Duci
341 2212 467 2248 dedisse
494 2212 680 2248 censendus
707 2212 752 2248 est
780 2215 864 2248 Gre-

110 2263 227 2312 gorius
256 2265 346 2311 Papa
363 2291 373 2308 ,
401 2262 464 2298 nifi
491 2263 584 2311 quod
611 2266 762 2299 Graecus
788 2265 862 2299 Au-

109 2313 244 2360 gustus,
280 2314 388 2349 adhuc
426 2316 558 2350 Rornae
594 2314 795 2358 Dominus,
832 2313 865 2349 ei

111 2363 185 2399 suas
212 2363 306 2399 vices
333 2364 373 2399 ad
411 2364 563 2400 Romani
599 2365 745 2413 Imperii
773 2372 863 2400 tute-

108 2415 181 2449 lam
208 2414 491 2451 commendaffet.
520 2417 585 2451 Per
607 2415 749 2463 aliquod
776 2424 862 2450 tem-

111 2478 174 2513 pus
210 2463 307 2499 defiit
336 2465 495 2501 Venetiis
530 2466 754 2514 Magistratus
791 2469 860 2499 Du-

109 2529 176 2549 cum
192 2542 202 2558 ‚
230 2527 417 2562 eorumque
444 2516 523 2551 loco
548 2516 714 2564 regimini
743 2514 861 2559 praefi-

445 237 954 286 DISSERTATIO
1008 237 1378 296 QUJNCTA.

1599 244 1655 281 06

938 297 1068 364 [Anno
1110 299 1291 334 DCCXL.
1331 295 1518 340 Julianus,
1560 252 1602 332 <se
1643 309 1714 344 quo

955 347 1040 384 haec
1076 347 1197 384 scribit
1233 347 1416 384 Dandulus
1452 346 1534 383 Lib.
1560 358 1595 394 7.
1623 349 1712 397 Cap.

955 411 990 447 7.
1018 398 1211 435 Chronici:
1248 399 1312 434 Hic
1337 412 1374 433 ex
1399 397 1615 443 munificentia
1650 400 1716 444 Im·v

953 450 1070 497 periali
1096 453 1268 497 Hypatus,
1304 448 1383 491 idest
1408 448 1526 494 Consul
1559 449 1715 497 Imperia&

955 501 1021 544 lis,
1052 500 1126 546 jam
1157 500 1289 545 fufius,
1326 501 1406 535 bunc
1431 499 1571 534 honorem
1593 511 1714 547 prome-

956 551 1020 585 ruit
1061 552 1220 586 obtinere.
1262 552 1316 586 Ita
1353 549 1544 586 Deusdedit
1582 563 1710 600 paucos

956 601 1026 645 post
1066 615 1174 637 annos
1214 600 1394 649 Imperialis
1433 601 1559 648 Hypati
1602 602 1712 636 honore

949 653 1165 698 fungebatur:
1185 651 1348 699 idemque
1368 660 1526 686 narratur
1546 651 1586 685 de
1606 654 1711 688 Mau-

953 703 1039 737 ritio
1067 702 1208 737 circiter
1234 704 1382 737 Annum
1410 703 1646 737 DCCLXVI.
1671 716 1710 738 ac

901 756 930 790 B
953 752 993 788 de
1033 752 1113 788 aliis
1152 751 1438 800 subsequentibus
1480 752 1710 788 Venetiarum

954 804 1135 839 Ducibus.
1173 803 1320 839 Titulus
1347 812 1463 839 autem
1490 803 1618 849 Hypati
1652 802 1710 839 seu

952 854 1097 898 Consulis·
1120 855 1139 889 a
1159 854 1302 889 Graecis
1330 853 1604 902 Imperatoribus
1626 866 1710 888 con-

953 904 1150 940 ferebatur.
1192 905 1303 953 Cujus
1336 904 1389 940 'rei
1428 903 1556 939 illustre
1593 916 1713 938 exem-

954 957 1048 1002 plum
1087 954 1213 1002 prostat
1250 954 1339 1003 apud
1377 953 1598 988 Franciscum
1628 955 1711 988 San-

952 1005 1113 1040 sovinum
1157 1004 1373 1040 Historicum
1411 1006 1586 1038 Venetum
1626 1004 1710 1040 Lib.

956 1067 1009 1102 13.
1038 1057 1163 1092 Venet.
1198 1054 1358 1089 illustrat.
1393 1053 1486 1102 quod
1514 1055 1610 1101 Opus
1640 1056 1710 1089 Ve-

951 1105 1056 1141 neriis
1083 1104 1247 1141 excusum
1275 1104 1320 1140 est
1346 1106 1455 1140 Anno
1487 1105 1593 1150 1604.
1621 1106 1710 1139 Nar-

952 1166 1004 1191 rat
1032 1156 1117 1200 ille,
1147 1155 1207 1191 sub
1234 1155 1348 1191 oculis
1376 1155 1408 1190 se
1435 1154 1589 1189 habuisse
1616 1157 1710 1190 Exa-

952 1220 1030 1241 men
1067 1206 1205 1241 testium
1242 1208 1351 1241 Anno
1389 1207 1590 1241 DCCClV.
1621 1206 1710 1240 cele-

953 1258 1089 1292 bratum
1119 1258 1161 1292 ab
1190 1258 1317 1292 Izzone
1345 1255 1510 1302 (fortasse
1537 1257 1708 1303 Azzone)

952 1308 1109 1343 Cadolao
1129 1309 1163 1341 δε
1188 1308 1305 1355 Ajone
1333 1306 1537 1342 Comitibus
1562 1307 1595 1341 3(
1621 1306 1709 1342 Mis.

951 1357 990 1392 fis
1017 1357 1055 1391 in
1091 1356 1223 1392 Istriam
1252 1358 1270 1391 ὲ
1299 1357 1429 1392 Carolo
1465 1358 1601 1404 Magno
1633 1358 1710 1392 Au-

950 1407 1068 1455 gustO,
1096 1407 1136 1442 ad
1165 1407 1389 1454 inquirendas
1417 1408 1628 1442 extorsiones
1656 1406 1708 1443 ibi

950 1457 1056 1492 fafflas
1084 1458 1102 1492 a
1125 1457 1281 1501 Johanne
1309 1459 1407 1493 Duce
1434 1456 1532 1492 illius
1562 1457 1710 1493 Provin-

951 1508 1023 1543 ciae
1052 1507 1218 1543 Recitore.
1246 1510 1304 1543 ,Ᾰῶ
1331 1508 1459 1554 antiquo
1485 1517 1615 1554 tempore
1633 1509 1710 1542 dum

947 1559 1064 1601 fiximus
1092 1558 1151 1601 sub
1174 1558 1322 1605 potestate
1359 1561 1541 1592 Graecorum
1577 1559 1710 1605 Imperii

950 1608 1025 1653 (ita
1067 1609 1165 1656 ajunt
1209 1607 1401 1652 Istrienles,
1449 1617 1532 1643 tunc
1573 1607 1706 1645 ditioni

892 1663 923 1695 D
949 1657 1072 1693 Caroli
1101 1657 1325 1705 Imperatoris
1351 1657 1503 1705 adjefiii)
1533 1659 1707 1693 babuerunt

948 1719 1092 1755 parentes
1119 1707 1213 1750 nostri
1239 1708 1485 1753 consuetudinem
1511 1708 1647 1743 habendi
1672 1723 1709 1744 a.

951 1759 1017 1793 Has
1052 1758 1225 1793 Tribunati
1240 1785 1250 1801 ‚
1288 1759 1492 1802 Domesticos,
1523 1759 1580 1802 seu
1617 1760 1709 1794 Vica-

952 1810 1038 1853 rios,
1074 1823 1126 1843 nec
1153 1822 1212 1843 non
1239 1809 1454 1853 Lociservator
1480 1808 1589 1857 (lego
1617 1810 1708 1844 Loci.

946 1859 1149 1906 servatores)
1178 1859 1221 1893 (θ’
1244 1869 1299 1905 per
1335 1859 1414 1905 ipsos
1447 1859 1572 1892 honores
1597 1861 1706 1894 ambu-

951 1911 1063 1944 labant
1097 1910 1141 1944 ad
1176 1911 1440 1952 communionem,
1478 1909 1521 1942 (9'
1554 1909 1706 1954 sedebant

953 1961 986 1993 in
1013 1958 1142 2005 conseffic
1169 1959 1373 2006 unusqmsque
1404 1969 1460 2006 pro
1490 1959 1547 2003 suo
1572 1961 1681 1994 honore
1700 1988 1707 1996 .

952 2013 1000 2044 Et
1025 2011 1080 2057 qui
1105 2010 1231 2044 volebat
1257 2010 1409 2044 meliorem
1444 2009 1584 2044 honorem
1610 2012 1704 2045 habe-

951 2074 981 2094 re
1005 2062 1045 2094 de
1079 2060 1243 2103 Τνὶίιιιηο,
1279 2061 1463 2095 ambulabat
1488 2061 1532 2095 ad
1566 2063 1706 2096 IMPE-

952 2113 1080 2146 RIUM
1098 2111 1189 2157 (hoc
1205 2110 1250 2145 est
1270 2110 1310 2146 ad
1333 2113 1581 2159 Imperatorem
1599 2114 1705 2147 Grae-

952 2161 1056 2209 cum)
1084 2161 1139 2207 qui
1158 2161 1249 2195 illum
1268 2161 1435 2195 ordinabat
1456 2163 1706 2200 HYPATUM.

949 2215 1038 2246 Tunc
1064 2212 1138 2255 ille,
1165 2212 1220 2258 qui
1246 2212 1422 2258 Imperialis
1441 2221 1508 2246 erat
1535 2215 1704 2259 Hypatus,

950 2263 983 2296 In
1010 2263 1094 2296 omni
1120 2264 1182 2296 loco
1211 2262 1381 2307 secmzdimz
1408 2262 1498 2295 illum
1525 2263 1705 2309 Magtstra-

948 2323 1014 2346 tum
1041 2312 1193 2346 Militum
1217 2313 1437 2359 praecedebat.
1465 2311 1593 2348 Tacite
1620 2312 1704 2350 haec

948 2361 1090 2398 Lefflori
1119 2362 1306 2406 diffitant,
1334 2375 1404 2397 non
1432 2361 1572 2398 aliunde
1596 2376 1702 2410 quam

950 2415 968 2447 a
990 2412 1127 2447 Palatio
1153 2412 1548 2459 Constantinopolitano
1573 2426 1703 2450 nomen

951 2463 1127 2509 Imperialis
1154 2463 1299 2509 Hypani,
1327 2462 1641 2512 auffioritatemque
1669 2478 1704 2500 e-

933 2505 1100 2565 [jusmodi
1129 2513 1308 2562 Dignitati
1338 2513 1514 2560 januam,
1545 2515 1703 2550 Ducibus

109 2566 267 2602 ciebatur
285 2565 442 2613 Magtster
460 2567 629 2611 Militum,
653 2565 766 2615 qualis
792 2565 882 2615 fuit1
929 2564 1055 2606 letiam
1084 2564 1230 2599 Venetis
1257 2563 1355 2600 fuisse
1382 2565 1552 2601 delatam.
1581 2567 1702 2613 Atque

1019 2616 1052 2650 C
1079 2627 1097 2650 c
1150 2626 1173 2651 2.
1561 2614 1653 2651 illud
