2195 3032
204 202 255 240 62
269 212 286 240 1

144 255 187 290 &¹
208 256 377 300 fiecundum
403 259 517 302 Legem
542 268 640 288 meam
666 254 805 289 Salicum
821 279 831 295 ‚
869 249 903 283 in
929 255 963 289 A

144 320 207 353 qua
233 307 398 349 manifesta
426 306 498 351 sum
523 305 655 349 vivere,
692 307 783 339 vobis
808 305 902 337 scon.

144 359 240 405 burge
265 355 434 403 Abbatiffe
459 357 504 391 ad
535 366 658 402 partem
694 370 799 390 earum
826 358 901 389 Mo·
918 379 935 388 ,—

143 409 333 452 nacharum,
360 421 417 454 que
435 407 548 441 cotidie
575 409 607 441 in
629 408 701 453 jam
720 407 804 441 dich
826 408 920 461 βιη-ι

143 458 227 493 {lum
252 457 460 493 venerabilem
495 459 593 492 locum
627 459 811 504 deserviunt
837 470 919 494 tram

142 511 183 544 do
210 510 254 543 (9⁶
287 508 461 554 legitimam
492 509 575 551 facio
612 510 832 553 investituram
858 512 920 556 ad*

142 560 230 604 usum
257 560 299 592 &⁵
317 558 482 605 stipendia
517 562 712 604 habendum,
745 573 803 609 per
832 559 920 596 wa-⁸

137 610 242 655 sonem
268 620 368 653 terre,
404 611 587 656 cultellum,
618 612 768 656 festucam
804 614 901 647 noda.

141 671 230 702 tum,
261 660 390 704 frondes
415 663 579 706 arborum,
614 664 752 710 presenti
776 664 830 698 die
855 678 900 699 eo-

141 724 209 744 rum
229 710 304 757 jure
329 711 505 747 habendum
531 716 636 749 omnia
653 742 663 758 ,
693 715 778 756 sicut
807 715 897 763 supe·
932 712 960 747 Β

140 761 207 796 rius
241 762 397 808 legimus.
434 766 481 797 Et
516 778 563 798 me
588 766 700 800 exinde
731 766 826 810 fortis
860 769 903 802 ab

140 813 295 859 warptsco
321 813 365 846 &¹
389 813 543 858 abasasito
574 817 638 860 feci
664 817 714 850 his
746 818 896 863 presenti-

141 864 221 905 bus,
262 864 306 897 (9⁴
340 864 522 911 birgamina
556 880 623 900 cum
658 869 900 903 attrarnentario

140 914 179 947 de
198 924 281 948 terra
299 914 415 949 levavi
425 942 435 959 ,
464 917 508 950 (9⁴
527 920 628 952 Leone
647 919 801 953 Notarius
818 920 896 964 scri·

141 965 208 999 bere
234 966 351 1011 rogavi
357 992 368 1001 .

189 1015 330 1062 Quidem
356 1017 401 1050 (9⁴
425 1031 478 1064 ego
504 1022 565 1053 Leo
591 1020 746 1054 Notarius
765 1021 898 1065 subscri-

235 1065 309 1114 pfi.
343 1068 454 1102 Pridie
488 1071 658 1104 Kalendas
691 1072 871 1105 Decembris
886 1099 896 1116 ‚

235 1120 338 1152 Anno
357 1118 477 1152 Domni
502 1120 651 1154 Guittoni
672 1125 741 1155 Rex
767 1122 896 1168 Tertio,

238 1167 414 1202 IndiHione
441 1171 502 1203 IX.
522 1169 632 1218 (idest
649 1172 761 1208 Anno
788 1173 895 1210 Chri·
927 1168 959 1204 C

236 1217 277 1253 sti
305 1219 546 1270 DCCCXC.)

184 1268 311 1304 AHum
336 1270 526 1307 Placentia.

158 1336 161 1337 ⁷
187 1321 324 1366 Signum
353 1334 502 1354 manuum
530 1325 793 1374 Hermengarde
820 1318 917 1363 Deos

225 1369 390 1414 devota,
427 1372 482 1418 qui
516 1373 597 1408 hanc
623 1377 792 1412 Cartulam
819 1377 899 1423 fieri

238 1421 283 1454 (9·
300 1420 437 1465 firmare
458 1425 590 1469 rogavi.

185 1471 324 1519 Signum
342 1486 454 1508 manus
469 1477 502 1509 F
502 1475 605 1510 ulconi
617 1490 778 1524 exgenere
792 1481 826 1514 F
825 1492 897 1515 ran-

237 1536 338 1558 corum
364 1524 467 1567 testis.

185 1576 213 1609 S
214 1574 324 1621 ignum
340 1589 451 1611 manus
460 1577 609 1613 Alberici
623 1593 660 1613 ex
669 1593 781 1628 genere
792 1584 897 1618 Fran-

235 1639 337 1660 corum
353 1652 364 1661 .

185 1676 320 1724 Signum
336 1690 447 1713 manus
462 1679 605 1715 Rodoini
620 1695 656 1715 ex
664 1696 776 1729 genere
791 1687 896 1719 Fran·

236 1741 359 1764 corum.

184 1778 320 1824 Signum
357 1792 469 1814 manus
505 1782 686 1818 VVallaroni
719 1798 756 1819 ex
786 1799 902 1833 genere

235 1831 427 1865 francorum
454 1831 540 1873 tellis
554 1859 564 1868 .

183 1882 209 1913 S
213 1879 321 1927 ignum
337 1894 449 1916 manus
464 1883 592 1929 Retulfi
609 1898 645 1919 ex
657 1898 770 1933 genere
790 1890 823 1922 F
824 1901 894 1923 ran-

236 1944 336 1966 corum
363 1932 470 1974 testis.

183 1983 257 2030 Ego
284 1986 346 2017 Leo
366 1984 521 2018 Notarius
539 1985 676 2033 scriptor
699 1987 795 2029 buius
814 1992 891 2023 Car-

234 2034 322 2078 tule,
345 2034 414 2082 post
437 2035 526 2071 diHa
550 2038 702 2083 complevi
729 2039 772 2072 (9⁸
798 2040 892 2075 dedi.

181 2084 325 2131 ,Quidem
366 2086 411 2119 (9⁶
448 2100 504 2133 ego
543 2089 699 2123 Andreas
737 2091 892 2125 Notarius
923 2081 952 2114 E

232 2136 355 2171 Domni
380 2138 504 2183 Regis,
533 2152 570 2172 ex
595 2138 724 2184 iuffione
747 2140 891 2189 Sigifre-

232 2186 270 2222 di
298 2186 440 2223 Comiri
460 2188 555 2224 Sacri
585 2190 738 2235 Palatii,
766 2192 809 2225 (9¹
827 2206 894 2227 arn-

230 2238 432 2273 monitionem
470 2240 702 2286 praediHorum
737 2243 896 2287 Judicum

226 2287 358 2335 scripsi,
393 2293 497 2325 Anno
531 2291 641 2338 Regni
675 2293 796 2328 Domni
831 2297 894 2328 Be-

231 2339 374 2386 rengarii
414 2341 502 2389 Regi
543 2344 610 2377 Deo
647 2344 784 2390 propitio
822 2348 893 2380 XV.

233 2390 334 2433 mense
353 2393 539 2434 Januario,
568 2393 746 2428 IndiHione
773 2398 827 2430 VI.

180 2441 319 2488 Signum
347 2454 459 2476 manus
487 2443 587 2486 nostre
619 2444 784 2492 sigifredi
821 2448 891 2482 Co-

233 2490 317 2527 miti
358 2492 514 2540 Palaeii,
551 2495 609 2543 qui
643 2506 679 2530 ut
707 2497 807 2545 supra
843 2498 892 2532 in-

231 2542 348 2588 terfui·

923 1627 956 1660 D

483 190 994 239 DISSERTATIO
1045 192 1417 236 SEPTIMA.

1608 202 1691 238 622

1041 253 1256 289 Hewrardus
1295 253 1424 288 humilis
1463 252 1658 302 Episcopus
1701 254 1754 288 in-

1091 303 1187 346 terfui
1214 305 1258 337 (9²
1278 303 1463 351 subscripsi.

1041 353 1285 389 Adalmannus
1322 354 1514 403 Episcopus
1551 355 1752 400 interfui&

1088 404 1255 451 subscripsi
1270 432 1279 440 .

1040 454 1252 502 Aldegraffus
1269 456 1383 500 Judex
1410 457 1511 503 Regis
1539 457 1691 501 interfici.

1040 508 1237 542 Adelbertus
1263 510 1293 552 J
1296 508 1374 541 udex
1410 507 1528 542 Domni
1564 509 1666 554 Regis
1702 509 1752 542 in·-

1091 558 1205 601 terfui.

1042 610 1261 644 Farimundus
1286 610 1401 655 Judex
1426 609 1535 644 Donni
1570 609 1675 656 Regis
1701 609 1752 643 in-

1092 661 1190 705 terfui
1205 687 1215 703 ,

1041 711 1164 759 Atque
1189 710 1272 747 hinc
1292 710 1480 760 supplenda
1501 710 1546 747 est
1568 710 1671 747 Italia
1693 712 1754 746 Sa·-

992 774 1048 797 cra
1084 762 1122 797 in
1159 764 1335 810 Catalogo
1364 761 1618 810 Episcoporum
1655 764 1753 798 Con-

992 812 1223 849 cordienfium
1248 815 1369 849 Tomo
1397 815 1442 848 V.
1470 826 1546 862 pag.
1575 825 1660 860 332.
1694 812 1753 849 ad-

988 864 1066 899 dito
1095 865 1322 908 Adelmanno,
1359 876 1464 912 quem
1501 863 1690 912 Ughellius
1720 863 1751 898 i-

987 915 1152 963 gnoravit
1168 943 1181 951 ..
1206 916 1264 950 Ad
1291 915 1374 950 haec
1402 915 1505 963 hujus
1531 927 1598 963 ope
1624 926 1751 949 monu-

990 966 1102 1001 menti
1119 966 1320 1001 confirmari
1336 965 1478 1001 videtur
1493 964 1665 1000 sententia
1687 966 1751 1000 Pa-

988 1016 1039 1064 gii
1060 1044 1070 1059 ,
1112 1015 1326 1059 scribentis,
1370 1015 1596 1051 antecedente
1639 1016 1749 1050 Anno

989 1068 1205 1103 DCCCCII.
1222 1075 1364 1115 captum
1381 1066 1479 1102 fuiffe
1498 1068 1658 1102 Veronae
1675 1069 1749 1102 Lu-

986 1117 1153 1153 dovicum
1180 1117 1375 1165 Augustum
1403 1131 1420 1152 a
1450 1117 1681 1166 B‘erengario,
1709 1129 1747 1152 o-

985 1168 1141 1217 culisque
1161 1167 1290 1204 effoffis
1315 1167 1475 1203 coaestum
1502 1181 1544 1203 ex
1570 1167 1669 1202 italia
1694 1181 1747 1203 ce-

974 1219 1086 1256 dere.
1115 1222 1222 1256 Certe
1243 1221 1351 1254 Anno
1374 1220 1610 1255 DCCCCHL
1633 1219 1667 1253 &
1691 1220 1746 1262 Ja-

986 1270 1108 1308 nuario
1145 1269 1289 1314 Mense,
1328 1269 1577 1318 B'erengarium
1615 1272 1746 1318 Regem

985 1321 1128 1371 pacifice
1164 1321 1233 1357 fine
1269 1323 1409 1357 aemulo
1448 1321 1652 1357 Placentiae*
1684 1321 1748 1356 do-

969 1374 1178 1410 ‘minantem
1212 1373 1415 1408 cernimus.
1449 1374 1582 1408 Verhm
1611 1371 1676 1407 hac
1703 1372 1747 1408 de

984 1439 1019 1461 re
1041 1424 1132 1461 infra
1157 1424 1248 1459 mihi
1273 1422 1387 1460 sermo
1408 1422 1475 1459 erit
1499 1422 1539 1459 in
1565 1423 1744 1459 Differtat.

968 1465 1085 1516 ΙΧΙἿ.
1110 1477 1148 1511 de
1173 1476 1308 1511 Servis.
1346 1475 1480 1511 Charta
1515 1484 1632 1510 autem
1661 1474 1745 1510 haec

984 1527 1112 1576 scripta
1139 1526 1208 1563 fuit
1235 1541 1273 1561 ex
1292 1525 1425 1573 juffione
1448 1526 1605 1573 sigifredi
1628 1525 1748 1560 Comiti

984 1580 1074 1614 Sacri
1090 1578 1240 1614 Palatii:
1255 1591 1325 1625 quo
1346 1579 1509 1626 exemplo
1530 1576 1642 1612 rursus
1664 1589 1746 1612 con-

985 1629 1164 1665 firmatum
1192 1628 1310 1663 videas
1327 1656 1336 1671 ,
1374 1628 1475 1663 hosce
1502 1628 1638 1662 Comites
1674 1640 1746 1662 non

986 1679 1238 1716 tantummodo*
1261 1679 1408 1721 Palatii,
1436 1678 1494 1713 sed
1520 1678 1627 1713 etiam
1655 1678 1747 1712 Sacri

984 1732 1136 1774 Palatii,
1174 1729 1271 1765 fuiffe
1309 1730 1528 1777 appellatos.
1567 1730 1628 1764 An
1665 1738 1746 1764 ante

984 1785 1132 1818 Annum>
1151 1780 1251 1829 supra
1275 1788 1532 1824 memoratum,
1557 1788 1662 1826 atque
1687 1793 1747 1814 an-

985 1842 1019 1869 te
1047 1831 1262 1881 Sigefredum
1294 1829 1509 1878 Berengario
1533 1828 1641 1865 fuerit
1667 1828 1747 1876 qui-

985 1884 1093 1934 spiam
1125 1883 1214 1919 alius
1245 1881 1375 1917 Palatii
1405 1883 1562 1923 Comes,
1599 1880 1642 1915 ab
1669 1882 1746 1915 An-

983 1950 1030 1970 no
1060 1934 1229 1970 videlicet
1266 1932 1646 1968 DCCCLxanIII.
1675 1944 1746 1978 quo

983 1987 1011 2022 is
1033 1985 1184 2034 Regium
1209 1983 1358 2019 titulum
1383 1981 1555 2027 affumfit,
1581 1982 1744 2030 ignotum

984 2037 1028 2073 est
1047 2036 1162 2072 mihi..
1187 2034 1339 2070 Fortasse
1367 2034 1461 2081 quod
1481 2033 1652 2069 Ticinum
1666 2061 1676 2077 ,
1698 2032 1746 2068 se:

983 2089 1040 2124 des
1068 2101 1110 2123 eo
1136 2097 1294 2129 tempore
1320 2085 1475 2120 Paiatini
1500 2084 1678 2128 Comitis,
1707 2083 1745 2119 in

984 2139 1122 2175 ditione
1148 2137 1348 2180 Guidonis,
1375 2135 1582 2180 Lamberti,
1610 2137 1644 2170 ὅ(
1673 2137 1745 2171 Lu·

983 2189 1104 2225 dovici
1133 2188 1368 2238 Augustorum
1389 2215 1398 2231 ‚
1427 2186 1497 2223 fere
1524 2186 1657 2229 semper
1684 2186 1745 2221 ste-

984 2241 1056 2285 tit,
1086 2240 1316 2289 Berengarius
1344 2239 1388 2274 ab
1416 2237 1628 2273 instituendo
1659 2239 1745 2272 alte-

983 2306 1025 2327 ro
1059 2291 1205 2328 Comite
1244 2289 1372 2325 Palatii
1414 2289 1467 2325 sui
1508 2287 1744 2337 temperavit.

983 2343 1088 2389 Quod
1117 2351 1249 2377 certum
1269 2368 1278 2384 ,
1312 2339 1494 2389 Segefredo
1524 2338 1679 2376 succeffit
1707 2338 1745 2374 in

984 2407 1025 2429 eo
1062 2406 1204 2428 munere
1239 2392 1398 2426 odelricus
1434 2391 1603 2427 Marcbio.
1638 2392 1744 2426 Hunc

984 2444 1097 2493 ipsum
1114 2471 1129 2487 ,
1154 2452 1344 2490 antequam
1371 2442 1542 2490 ejusmodi
1569 2441 1744 2490 dignitate

984 2504 1197 2543 augeretur,
1237 2494 1382 2529 innuere
1418 2493 1559 2537 videtur
1597 2495 1745 2536 Anony-

989 2559 1065 2583 mus
1096 2544 1315 2596 Panegyrista
1345 2544 1546 2595 Berengarii
1575 2542 1747 2591 Augusti,

1574 2596 1693 2632 Tomo
