2195 3032
213 228 299 273 597

1617 217 1699 270 598

160 440 1046 533 DffiSERTATiO
1129 440 1708 534 SEPTEMA
1733 497 1762 525 i

570 681 809 725 Palatinarum,
839 695 907 717 mu·

571 745 633 767 nus
673 731 908 780 praestantiffi·

571 796 667 818 mum
713 781 782 818 fuit
823 783 911 819 anti-

512 830 515 842 ¹
570 833 648 880 quis
674 833 911 881 temporibus,

572 884 625 918 sed
656 885 794 919 nullum
823 884 910 920 mihi

572 947 691 970 eorum
727 934 911 982 vestigium

285 1004 287 1006 ·
456 1010 458 1012 v
571 984 725 1020 occurrit
750 984 787 1020 in
811 985 912 1020 ltalia

155 1030 215 1068 sub
258 1036 412 1086 Regibus
454 1035 727 1085 Langobar-dis.
770 1035 911 1070 InveE'ta

153 1083 220 1128 est,
257 1095 297 1121 ut
325 1096 433 1134 puro,
469 1085 640 1135 ejusmodi
680 1085 845 1133 Dignitas
873 1086 909 1120 in

154 1134 320 1171 Italicum
351 1139 509 1186 Regnum
531 1138 549 1172 ὲ
572 1136 747 1184 Regibus,
776 1149 814 1171 ac
843 1138 910 1171 Im-

153 1187 371 1233 peratoribus
409 1188 551 1224 Francis
576 1215 586 1230 ,
624 1186 713 1235 apud
749 1199 837 1234 quos
874 1187 910 1222 in

153 1236 212 1272 usu
241 1246 336 1282 erat,
366 1240 421 1275 vel
446 1240 465 1274 ὲ
488 1240 611 1275 Seculo
639 1236 802 1286 Epochae
824 1239 903 1273 vul*

152 1287 243 1335 garis
272 1290 399 1325 Sexto.
428 1290 617 1324 Eminebat
642 1297 758 1324 autem
784 1288 821 1323 in
853 1292 905 1323 ra-

151 1338 241 1373 latio
271 1342 483 1375 Francorum
515 1342 648 1388 Regum
668 1366 677 1382 ‚
712 1338 842 1387 quippe
870 1338 909 1374 ad

151 1392 305 1423 Comztem
339 1391 551 1431 Palatinum,
591 1399 761 1437 tanquam
798 1389 905 1437 supre-

151 1452 248 1475 mum
271 1440 525 1476 moderatorem
554 1439 728 1489 justitiae,
759 1440 907 1489 pertine-

152 1490 212 1526 bat
239 1490 432 1540 dijudicare
462 1491 572 1540 Regni
602 1491 729 1526 caussas
758 1500 833 1526 tum
862 1490 909 1526 ci-

544 629 911 675 OmitumPalatii‚five
938 638 970 672 A
1005 632 1208 669 nistratione
1252 631 1436 676 Justitiae,
1482 630 1534 667 ita
1579 638 1619 667 ut
1665 630 1763 666 nulla

1005 684 1115 719 caussa
1152 683 1189 719 in
1237 684 1375 719 Palatio
1421 681 1621 726 audiretur,
1666 681 1765 729 cujus

1005 747 1074 769 non
1118 733 1190 783 ipse
1226 733 1383 769 conscius
1425 731 1535 768 foret.
1576 735 1677 778 Quae
1714 733 1765 766 ira

1003 785 1098 821 diesta
1124 784 1258 828 velim,
1296 794 1334 820 ut
1362 796 1466 819 nemo
1502 782 1637 819 idcirco
1675 782 1766 817 arbi-

1004 845 1136 880 tretur,
1165 835 1337 870 dimiffam
1369 833 1504 883 prorsus
1532 833 1631 869 fuisse
1658 834 1677 868 ὸ.
1700 834 1765 867 Re-

1005 887 1105 935 gibus
1134 886 1377 934 cognitionem
1407 884 1608 921 Caussarum
1641 882 1766 919 Comi-

1004 938 1033 972 ti
1063 936 1212 972 Palatii.
1251 938 1343 972 Nam
1372 936 1406 970 8:
1435 934 1496 983 ipsi
1536 937 1646 981 Reges
1683 945 1767 968 con=

1006 987 1145 1022 suevere
1181 999 1253 1020 non
1292 998 1415 1032 paucas
1454 984 1570 1019 audire
1608 985 1642 1018 8<
1679 982 1766 1018 diri-

1004 1050 1097 1072 mere
1115 1063 1125 1079 ,
1161 1036 1195 1070 8<
1233 1035 1366 1070 summi).
1394 1035 1613 1083 benignitate
1640 1047 1679 1070 ac
1707 1043 1763 1069 to·

1004 1086 1152 1122 lerantia
1181 1087 1342 1134 praebere
1370 1099 1466 1120 aures
1494 1085 1692 1120 rationibus
1719 1084 1764 1119 li-

1005 1137 1217 1183 tigantium.
1258 1137 1388 1171 Verum
1427 1136 1524 1170 nulla
1560 1135 1685 1171 Caussa
1722 1133 1765 1170 ad

1006 1189 1171 1236 Regalem
1189 1187 1405 1223 audientiam
1423 1185 1661 1229 deferebatur,
1676 1198 1765 1233 quae

1005 1239 1099 1284 prius
1127 1252 1197 1274 non
1234 1237 1389 1273 subiisset
1424 1249 1572 1272 examen
1605 1236 1764 1272 Comitis

1007 1288 1158 1332 Palatii,
1186 1297 1225 1324 ut
1252 1287 1324 1336 ipse
1351 1289 1572 1332 decerneret,
1610 1286 1764 1322 finenda-

1004 1353 1046 1375 ne
1075 1339 1164 1374 foret
1200 1338 1362 1388 progredi
1392 1339 1434 1374 ad
1465 1338 1641 1387 Principis
1667 1338 1765 1373 thro·

1006 1404 1088 1425 num
1101 1417 1109 1426 .
1126 1389 1224 1426 Hinc
1241 1389 1339 1425 addit
1357 1389 1454 1438 supra
1476 1389 1635 1425 laudatus
1651 1389 1765 1424 Hinc·

1006 1454 1142 1485 marus,
1158 1440 1257 1476 ficuti
1280 1441 1321 1476 ad
1341 1441 1686 1487 Archicappellamrtm‚
1707 1452 1766 1474 cu-

1007 1493 1059 1540 jus
1087 1493 1194 1527 etiam
1224 1505 1349 1527 munus
1377 1491 1415 1526 in
1442 1493 1538 1527 Aula
1567 1493 1702 1539 Regum
1731 1503 1766 1525 e-

149 1540 263 1584 viles,
302 1552 376 1577 tum
406 1542 628 1584 criminales,
665 1540 734 1577 five
761 1541 801 1576 ad
830 1554 907 1576 eum
940 1540 970 1574 C
1007 1543 1160 1579 ximium
1198 1542 1289 1587 fuit,
1332 1542 1479 1591 ipfisque
1515 1540 1764 1589 Archiepisco-

147 1591 188 1628 in
218 1591 352 1640 prima,
382 1601 420 1628 ut
447 1594 546 1641 ajunt
564 1621 574 1637 ,
612 1592 773 1628 instantia
801 1591 908 1627 defer-

148 1653 296 1687 rentur,
339 1642 407 1678 five
444 1643 717 1679 devolverentur
757 1656 816 1691 per
853 1656 907 1691 ap-

149 1693 406 1743 pellationem.
444 1694 540 1729 Audi
579 1694 813 1729 Hincmarum
846 1695 908 1728 Ar·

983 1585 1058 1642 'pis
1100 1593 1302 1641 praecedere
1343 1592 1548 1637 consuevit,
1588 1591 1764 1636 spefiiabat

1004 1643 1165 1678 nuntiare
1194 1643 1282 1691 Regi
1320 1644 1460 1678 caussas
1488 1641 1763 1685 Ecclefiasticas,

982 1712 984 1727 ι
1002 1705 1053 1730 ita
1073 1693 1171 1729 fuisse
1192 1693 1350 1729 Comitis
1374 1692 1503 1728 Palatii
1526 1692 1764 1728 Saecularium

149 1744 412 1792 chiepiscopum
437 1744 663 1789 Remensem,
684 1745 745 1791 qui
767 1745 804 1780 in
820 1747 927 1788 Tra·‚
982 1735 1143 1781 {Cauffas
1171 1744 1211 1779 ad
1241 1746 1373 1791 Regem
1400 1743 1551 1779 deferre.
1589 1746 1639 1778 De
1666 1743 1765 1777 onmi-

151 1796 235 1831 aar.
263 1794 304 1830 de
330 1794 454 1830 Ordin.
482 1796 516 1830 δ(
544 1795 649 1831 Offic.
683 1797 794 1831 Palat.
822 1790 928 1842 Cap}

152 1858 210 1883 21.
248 1844 338 1893 apud
377 1845 585 1882 Du-Chesne
622 1848 728 1882 Tom.
757 1859 790 1882 2.
829 1847 906 1881 Rer.

149 1896 310 1933 Francic.
339 1895 506 1945 insignem
527 1897 675 1932 Palatini
698 1897 832 1932 Comitis
850 1910 907 1932 au·

148 1947 354 1985 &toritatem
392 1947 446 1982 his
478 1948 634 1995 explicat
665 1947 805 1983 verbis:
849 1951 908 1981 Co-

149 1999 240 2035 mitis
267 1998 411 2041 Palatii,
451 1998 534 2032 inter
559 2009 657 2032 cetera
688 2009 788 2045 paene
815 1998 906 2031 innu-

150 2049 338 2092 merabilia,
377 2048 410 2082 in
446 2048 498 2083 hoc
524 2049 657 2084 maxime
687 2049 853 2094 solicitudo
879 2062 907 2082 e-

149 2112 223 2144 rat,
260 2110 297 2134 ut
323 2112 425 2133 omnes
451 2099 569 2146 legales
595 2097 734 2145 cauffize,
771 2112 848 2146 quae
874 2113 908 2134 a·

149 2152 212 2187 libi
231 2161 315 2185 ortae
331 2160 456 2197 propter
478 2151 650 2197 aequitatis
671 2149 828 2195 judict'um
846 2153 910 2184 Pa-

152 2203 268 2238 latium
307 2201 592 2248 aggrediebantur,
623 2200 709 2246 juste
744 2215 779 2236 ac
814 2201 907 2236 ratio-

154 2252 302 2288 nabiliter
327 2253 569 2297 determinaret,
601 2252 658 2297 seu
680 2251 823 2298 perverſse
853 2250 906 2297 ju-

153 2303 261 2338 dicata
295 2304 339 2338 ad
372 2302 543 2351 aequitatis
578 2303 736 2338 tramitem
770 2303 909 2338 traduce-

154 2364 223 2388 ret.
266 2353 388 2401 Ingens
425 2353 458 2389 ei
497 2353 687 2389 au&oritas
729 2362 911 2402 propterea

154 2403 225 2440 suit
248 2403 286 2439 in
314 2403 512 2451 hujusmodi
541 2404 706 2452 judiciis,
733 2405 846 2440 immo
873 2403 911 2439 in

981 1776 1059 1851 {bus
1089 1794 1172 1840 (ita
1200 1794 1263 1829 ille
1292 1794 1414 1829 scribit
1443 1796 1530 1841 Cap.
1564 1794 1650 1841 19.)
1687 1796 1764 1827 Sae-

981 1846 1159 1919 lcularibus
1186 1845 1294 1891 cauffis
1324 1845 1379 1879 vel
1408 1843 1543 1890 judiciis
1572 1841 1765 1889 suscipiendi

981 1909 1105 1939 ‚curam
1133 1895 1286 1937 instanter
1312 1895 1469 1938 habebat,
1505 1894 1553 1929 ita
1587 1904 1623 1928 ut
1650 1896 1764 1927 Saecu-

981 1942 1082 1992 'Qlares
1106 1947 1195 1992 prius
1222 1949 1381 1980 Damnum
1408 1949 1528 1989 Regem
1556 1943 1668 1990 absque
1695 1942 1764 1989 ejus

940 2001 972 2034 D
1001 1997 1140 2041 consulta
1168 1996 1342 2043 inquietare
1369 1994 1476 2041 necesse
1505 2009 1565 2029 non
1592 1995 1762 2038 haberent,

1000 2048 1152 2095 quousque
1175 2047 1229 2081 ille
1249 2047 1471 2094 praevideret,
1488 2046 1520 2088 fi
1540 2046 1693 2091 neceffitas
1718 2044 1763 2089 es-

994 2099 1065 2144 set,
1092 2108 1128 2132 ut
1154 2096 1256 2143 causta
1282 2109 1357 2134 ante
1384 2102 1503 2144 Regem
1536 2097 1644 2130 meritc>
1671 2095 1763 2130 veni-

1002 2163 1033 2184 re
1057 2150 1198 2184 deberet.
1233 2152 1259 2183 S
1261 2149 1272 2182 i
1297 2152 1371 2182 verb
1397 2149 1515 2193 secreta
1541 2146 1612 2194 effet
1638 2144 1761 2192 cauffa,

1002 2213 1095 2248 quam
1118 2200 1209 2247 prius
1235 2209 1410 2246 congrueret
1438 2199 1544 2245 Regi,
1578 2200 1671 2245 quam
1698 2197 1763 2230 cui-

1002 2264 1095 2298 quam
1114 2251 1210 2286 alteri
1227 2251 1345 2293 dicere,
1366 2252 1503 2284 eumdem
1521 2249 1648 2283 dicendi
1666 2249 1764 2282 locum

1002 2303 1100 2336 eidem
1129 2301 1189 2348 ipfi
1218 2311 1441 2347 praepararet,
1473 2298 1647 2334 introdufh
1672 2299 1763 2345 prius

1002 2356 1111 2399 Rege,
1139 2361 1174 2386 ut
1200 2352 1253 2385 hoc
1273 2351 1371 2396 juxta
1394 2352 1518 2385 medum
1540 2350 1686 2398 personae
1708 2348 1763 2383 vel

1002 2402 1249 2446 honorabiliter,
1285 2403 1339 2435 vel
1362 2403 1543 2448 patienter,
1578 2401 1635 2436 vel
1669 2400 1764 2435 etiam

154 2454 320 2491 omnibus
341 2481 352 2498 ‚
392 2468 479 2502 quae
519 2455 721 2504 speRabant
761 2454 803 2490 ad
846 2454 911 2490 ser·
944 2455 972 2488 E
1003 2453 1239 2498 ratfl’ricorditer
1257 2452 1445 2499 susciperet.
1473 2454 1655 2501 Legamus·
1675 2464 1762 2499 quae

155 2505 268 2541 vanda
290 2507 424 2563 Regum
452 2505 548 2554 jura,
577 2506 824 2554 publicamque
846 2507 911 2540 Re-

154 2557 214 2606 gni
258 2565 416 2605 quietem
460 2555 625 2593 tuendam
665 2556 760 2594 ῑεδὶᾶ
803 2550 929 2593 admi-⁴

1005 2504 1109 2539 habet
1137 2503 1367 2551 Du-Cangius
1393 2502 1571 2539 Differtat.
1594 2505 1691 2538 XIV.
1720 2500 1762 2536 ad

997 2554 1233 2600 Joinvillam,
1267 2554 1303 2589 8<
1330 2553 1370 2590 in
1395 2553 1570 2592 Gloffario
1598 2554 1758 2590 Latino.

1031 2607 1059 2642 P
1084 2619 1108 2656 p
1162 2617 1184 2642 π.
1594 2606 1706 2641 Erant
