2195 3032
221 230 300 280 189

1620 241 1699 279 190

156 477 1043 570 DISSERTATIO
1132 477 1763 582 QUARTA'.

573 690 672 724 Auca
684 702 775 724 nunc
793 689 919 737 praesa·
948 689 981 723 A

485 712 543 804 X}
588 739 614 773 ri
636 739 734 785 juvat
750 738 922 783 deOfficiis

584 791 692 823 domus
742 789 921 824 Italicorum

586 844 722 886 Regum,
734 848 918 887 antequam

416 925 440 944 „¹
587 890 788 939 praecipuos
801 891 917 926 barba-

362 941 364 949 *
438 948 440 951 '
469 941 514 967 A*
542 973 544 979 ,
586 940 738 976 ricorum
781 950 912 989 tempo-

424 1016 432 1043 ι
478 996 492 1014 ²⁷
513 1008 544 1044 2¹,
586 1004 660 1026 rum
692 991 915 1039 Magistratus

462 1036 493 1052 a
511 1053 522 1066 Δ
548 1064 549 1068 =
585 1041 774 1089 aggrediar.
788 1044 912 1087 Pauca,

157 1093 327 1142 inquam3
366 1093 442 1128 heic
479 1093 574 1126 enim
602 1091 780 1127 infelicius
807 1094 912 1140 quam

157 1144 244 1179 alibi
282 1144 427 1192 antiqua
465 1150 691 1178 monumenta
730 1155 793 1177 nos
829 1143 911 1179 defi-
937 1142 967 1176 B

152 1195 272 1229 ciunt.
300 1195 417 1229 Facile
445 1193 513 1230 fuit
542 1195 778 1228 Romanarum
804 1194 910 1230 Anti-

152 1246 328 1292 quitatum
358 1244 551 1280 cultoribus
579 1244 724 1279 Saeculo
750 1244 910 1291 proxime

153 1296 343 1343 praeterito
371 1309 555 1344 congerere
581 1296 615 1330 &
644 1294 819 1343 explicare
847 1295 909 1330 Of.

154 1344 234 1380 ficia
263 1346 319 1380 vel
348 1346 540 1380 minutiora
568 1346 692 1380 domus
713 1346 909 1392 Augustae,

152 1394 221 1429 five
250 1397 488 1430 Romanorum
527 1405 685 1429 veterum
720 1396 909 1442 Imperato-

152 1457 228 1480 rum
247 1472 254 1479 .
285 1447 377 1480 Nam
406 1444 474 1480 sive
501 1444 672 1479 Ethnicae
701 1444 909 1492 superstitio-

152 1495 208 1530 nis
237 1495 413 1531 monitum
442 1495 556 1537 foret,
590 1494 657 1530 five
694 1494 809 1530 inanis
837 1497 909 1543 glo-

151 1546 225 1580 riae
252 1545 379 1593 cupido
396 1573 405 1589 ,
433 1559 503 1580 non
531 1547 717 1593 Magnates
745 1547 883 1580 tantum
902 1573 912 1588 ,

151 1594 207 1630 sed
235 1597 268 1630 δ(
297 1595 410 1643 ipsum
446 1596 599 1642 vulgus,
637 1594 767 1642 ipsique
804 1595 912 1630 etiam

151 1645 273 1688 Servi,
310 1646 449 1680 tumulo
487 1645 547 1679 suo
584 1644 795 1692 epigraphen
823 1658 910 1680 mar-

151 1707 248 1730 more
285 1694 487 1742 inscriptam
535 1694 721 1743 adjungere
772 1694 911 1730 consue-

150 1754 276 1780 verunt
297 1772 307 1788 ,
359 1759 446 1792 quae
494 1745 633 1794 posteris
677 1759 858 1782 munerum
893 1746 911 1780 a

151 1794 183 1830 se
212 1795 378 1843 gestorum
397 1823 406 1838 ,
443 1809 482 1831 ac
517 1795 716 1831 officiorum
745 1809 910 1843 quorum-

150 1844 207 1880 vis
262 1846 466 1881 memoriam
527 1845 675 1881 servaret
702 1874 710 1882 .
757 1849 811 1881 Ex
858 1846 905 1882 hi-

151 1894 204 1930 sce
246 1896 392 1931 eruditis
435 1899 672 1931 Romanorum
712 1907 909 1941 temporum

149 1945 325 1994 lapidibus
354 1956 483 1994 quanta
511 1947 622 1983 adhuc
660 1948 758 1996 copia
798 1947 909 1990 super-

149 1995 221 2039 fit,
259 1996 348 2032 nihil
379 1997 452 2041 est,
490 1998 583 2045 quod
620 2011 685 2047 ego
723 1998 909 2034 LeE’corem

148 2059 309 2081 moneam
330 2074 337 2082 .
367 2050 497 2083 Verum
527 2050 679 2084 saeculis
709 2050 908 2098 Langobar·

149 2096 258 2140 dicis,
288 2097 486 2142 francicis,
510 2100 542 2134 8<
565 2095 807 2143 Germanicis,
830 2099 908 2134 aliis

148 2148 304 2183 moribus
334 2150 437 2184 Italia
466 2149 509 2184 est
546 2149 602 2185 usa
621 2177 629 2185 .
667 2150 741 2185 Vix
770 2151 861 2186 ullus
890 2152 907 2185 ὲ·

148 2198 256 2246 vulgo
294 2199 439 2235 titulum
478 2200 537 2236 suo
572 2200 728 2248 sepulcro
758 2214 905 2249 appone-

148 2248 228 2283 bat:
258 2250 387 2298 quippe
415 2263 481 2286 una
510 2251 593 2286 fossa
618 2253 811 2287 multorum
835 2264 905 2286 cor-

151 2310 233 2345 pora
260 2299 329 2336 fere
357 2301 488 2347 semper
515 2302 674 2350 excepit.
697 2302 786 2337 Unis
811 2277 929 2364 Prin-l

151 2347 315 2395 cipibus,
356 2352 569 2401 Episcopis‚
612 2352 758 2401 aliisque
797 2351 910 2399 Regni

152 2399 387 2445 Friniatibus,
416 2403 591 2438 interdum
620 2403 812 2451 Epitaphia
840 2402 908 2438 fue-

150 2462 187 2484 re
215 2450 346 2499 posita;
375 2452 428 2488 sed
456 2455 490 2489 ἃ
518 2456 682 2502 pleraque
710 2468 753 2489 ex
781 2453 827 2489 iis
855 2467 906 2488 ce·-

149 2498 288 2557 cidere,
327 2510 384 2537 aut
411 2502 540 2551 injuria
576 2514 803 2552 temporum,
841 2503 910 2539 five

151 2550 385 2600 lapicidarum
406 2579 416 2599 ‚
452 2555 593 2600 excisa,
628 2564 689 2593 aut
724 2555 765 2594 in
800 2568 910 2592 novas

169 725 172 770 1

941 2047 973 2079 D

942 2507 969 2540 E

1010 687 1275 723 substruffiiones
1301 685 1478 720 barbarice
1506 685 1683 731 conjeE‘ca.
1713 684 1765 718 A·

1009 738 1123 786 liquid
1152 747 1268 773 tamen
1295 735 1428 771 dicam.
1452 735 1562 769 Nulla
1587 733 1765 769 dubitatio

1008 788 1073 833 est,
1089 789 1175 836 quin
1193 787 1399 822 Italicorum
1419 787 1554 833 Regum
1571 784 1649 818 aula
1669 797 1766 819 com-

1010 839 1162 886 plurium
1178 837 1390 873 Officiorum
1411 834 1591 884 splendore
1611 833 1765 879 niteret,

1006 899 1081 925 tum
1110 890 1176 933 iis,
1205 888 1266 937 qui
1296 886 1384 935 Regi
1409 899 1447 921 ac
1469 884 1623 932 Reginae
1643 883 1681 919 in
1703 886 1767 920 Pa-

1005 940 1094 975 latio
1121 939 1380 974 famulabantur
1396 964 1405 979 ‚
1425 948 1534 984 quum
1555 934 1656 979 aliis,
1678 948 1766 982 quos

1005 993 1079 1026 Rex
1109 990 1149 1025 ad
1177 988 1343 1037 regendos
1372 987 1547 1035 Populos,
1569 985 1611 1021 ad
1639 985 1765 1021 aerarii

1006 1040 1107 1089 Regii
1136 1040 1268 1076 reditus
1296 1037 1515 1086 colligendos
1533 1064 1542 1080 ,
1572 1036 1613 1071 ad
1641 1036 1764 1084 guber-

1001 1091 1130 1126 nandas
1148 1090 1319 1126 militares
1336 1088 1454 1136 copias
1471 1087 1624 1135 eligebat
1636 1113 1643 1121 .
1661 1088 1764 1122 Prae-

999 1152 1053 1177 ter
1075 1141 1263 1179 Nobilium
1278 1168 1288 1183 ,
1309 1139 1529 1186 aliorumque
1550 1136 1762 1173 Liberorum

1000 1193 1184 1229 hominum
1224 1189 1441 1233 ministeria,
1478 1189 1602 1237 ingens
1638 1190 1763 1224 Servo-

1003 1257 1079 1279 rum
1108 1243 1209 1291 copia
1237 1252 1313 1277 tum
1341 1241 1378 1277 in
1408 1239 1569 1283 Palatio,
1598 1248 1674 1274 turn
1702 1245 1765 1274 ex-¹

1002 1303 1077 1338 tra,
1105 1294 1147 1329 ab
1167 1306 1286 1329 eorum
1308 1291 1451 1327 nutibus
1473 1289 1662 1338 pendebat.
1683 1290 1761 1331 Jam

1001 1346 1141 1379 Paullus
1163 1344 1342 1379 Diaconus
1363 1341 1446 1377 Lib.
1469 1341 1534 1375 ΙΙΙ.
1556 1341 1642 1387 Cap.
1661 1340 1760 1374 XVI.

999 1394 1090 1429 testis
1117 1394 1184 1437 est,
1213 1407 1283 1440 quo
1310 1401 1468 1439 tempore
1487 1388 1659 1425 Autharis
1681 1391 1759 1425 Rex

1000 1443 1207 1479 constitutus
1244 1442 1339 1485 fuit,
1377 1445 1504 1485 Duces,
1541 1441 1596 1488 qui
1631 1450 1704 1474 tunc
1730 1454 1763 1474 e-

1000 1505 1073 1530 rant
1089 1523 1098 1538 ,
1126 1508 1243 1528 omnem
1263 1493 1513 1538 substantiarum
1542 1491 1673 1535 suarum
1699 1497 1764 1524 med

998 1546 1148 1579 dietatem
1175 1543 1353 1591 Regalibus
1389 1542 1493 1582 usibus
1528 1539 1689 1586 tribuiffe‚
1725 1550 1761 1574 ut

998 1593 1053 1639 else
1076 1593 1195 1640 poffet,
1232 1595 1315 1627 unde
1341 1596 1413 1626 Rex
1441 1591 1525 1637 ipſse,
1554 1590 1627 1631 sive
1653 1590 1707 1637 qui
1733 1589 1764 1624 ei

1001 1645 1223 1686 adhaererent,
1244 1642 1370 1689 ejusque
1395 1640 1546 1688 vbftqlbit‘s
1571 1652 1625 1687 per
1651 1641 1762 1675 diver-

998 1694 1034 1738 sa
1061 1693 1174 1738 Officia
1200 1693 1324 1736 dediti,
1352 1693 1529 1728 alerentur.
1560 1693 1669 1726 Porro
1698 1691 1764 1728 alii

1001 1758 1041 1780 ex
1072 1744 1164 1779 hisce
1194 1743 1314 1792 Regiis
1341 1742 1537 1785 Ministris,
1575 1741 1629 1777 seu
1659 1741 1764 1777 fami-

1000 1795 1167 1839 liaribus,
1206 1794 1247 1829 ad
1275 1794 1407 1841 majora
1445 1792 1660 1836 ministeria,
1696 1791 1763 1828 alii

1002 1846 1041 1880 ad
1071 1846 1207 1880 minora
1225 1872 1234 1888 ,
1273 1844 1335 1879 alii
1363 1843 1514 1890 denique
1542 1842 1582 1878 ad
1612 1842 1764 1878 minima

1003 1896 1279 1931 adhibebantur.
1324 1894 1419 1929 Idem
1448 1893 1578 1929 faffium
1608 1893 1626 1927 a
1655 1895 1763 1927 Fran-

1001 1947 1106 1991 cicis,
1137 1945 1294 1986 Italicis,
1322 1944 1543 1980 Germanicis
1569 1945 1763 1991 Imperato-

1000 1997 1094 2032 ribus
1123 2011 1160 2032 ac
1192 1996 1367 2043 Regibus,
1394 1993 1628 2042 unusquisque
1656 1993 1763 2028 intel-

1000 2048 1101 2095 ligit.
1132 2046 1372 2083 peculiaribus
1397 2054 1513 2081 autem
1536 2043 1763 2091 Disquifitio.

1000 2099 1101 2134 nibus
1143 2112 1207 2146 ego
1244 2097 1335 2133 infra
1374 2109 1473 2144 agam
1510 2095 1551 2130 de
1589 2095 1760 2140 Ducibus,

1001 2149 1243 2184 R‘sarchionlbus
1259 2176 1268 2191 ,
1306 2148 1482 2182 comitibus
1502 2145 1586 2190 sacri
1611 2145 1760 2190 Palatii,

999 2200 1175 2234 Comitibus
1200 2199 1393 2240 ordinariis,
1421 2196 1611 2239 ,sculdalrt‘t's
1627 2223 1636 2237 ,
1656 2196 1763 2240 sudi-

999 2251 1104 2293 cibus,
1133 2250 1325 2292 Castalclit's,
1350 2248 1471 2293 Vaffis,
1495 2247 1604 2292 Miffis
1623 2246 1760 2291 Regiis,

999 2300 1164 2343 scabinis,
1202 2299 1422 2341 centenariis,
1462 2298 1620 2340 Decanis,
1658 2299 1762 2331 Nota-

1000 2351 1082 2393 rit's,
1120 2349 1267 2394 aliisque
1294 2348 1493 2397 hujusmodi
1524 2350 1657 2397 Regum
1687 2346 1764 2383 Min'

1001 2400 1134 2436 nistris.
1163 2403 1269 2437 Nunc
1296 2413 1403 2449 pauca
1425 2399 1493 2435 alia
1514 2398 1644 2435 Officia
1663 2411 1761 2434 com-

1000 2451 1156 2500 pleEtar,
1195 2458 1299 2500 prout
1334 2450 1399 2488 illa
1434 2449 1625 2487 memoriae
1662 2461 1760 2485 meae

998 2502 1065 2540 sese
1093 2502 1241 2540 offerent
1256 2528 1265 2538 0

1638 2605 1711 2641 Ita:
