2195 3032
196 237 272 272 261

135 287 345 331 est‚D1›cis
382 285 651 333 appellationem
690 283 889 318 Pr·wtmibzs

134 337 232 373 fuile
262 339 449 372 tributam.
481 337 602 380 Neque
629 333 725 368 aliud
754 333 791 368 in
821 336 887 368 Ita-

134 388 184 423 lia
211 388 451 427 observatum,
487 385 590 430 quam
620 383 713 430 quod
741 383 778 418 in
806 385 886 418 Gal-

134 438 182 473 lia
196 466 205 481 ,
227 439 285 473 ubi
305 439 514 471 Fortunatus
531 433 572 468 de
597 437 681 481 Lupo
700 437 787 469 Duce
805 433 889 469 haec

134 488 302 524 scribebat
319 499 327 520 :

188 562 280 597 Bella
299 573 400 594 moves
418 560 515 595 armis
527 588 537 604 ,
561 559 640 606 jura
665 560 765 607 quiete
786 561 893 608 regis:

134 613 251 647 fultus
276 611 414 657 utrisque
450 611 560 656 bonis,
594 611 667 646 hinc
691 611 811 656 armis,
847 612 891 645 le-

277 661 376 708 g7bus
402 661 510 696 illinc.

181 736 348 773 Vidimus
375 736 542 772 haetenus
570 741 674 772 Duces
699 738 802 774 unius
826 737 887 774 Ci-

129 788 275 824 vitatis.
303 790 350 823 Et
376 787 544 835 quoniam
570 787 661 823 faffia
682 788 727 824 est
754 788 890 824 mentio

132 838 318 886 Minulphi
355 838 456 873 DucIs
480 839 520 872 de
546 839 656 883 Insula
691 839 804 873 sant‘li
822 842 888 883 Ju-

131 890 193 932 lii,
222 888 440 937 conjeE’turae
469 888 509 924 fit
537 890 656 933 locus,
685 888 783 924 fuiffe
800 889 887 924 olim

132 941 230 975 Loca
267 939 399 979 etiam,
441 939 615 974 Civitatis
652 939 890 988 appellatione

130 1003 347 1037 nequaquam
377 989 563 1037 insignita,
590 1003 679 1037 quae
698 991 717 1024 ὲ
739 989 798 1025 suo
821 993 885 1024 Du-

130 1053 160 1073 ce
187 1050 405 1088 regerentur.
440 1039 554 1075 Insula
583 1039 740 1088 profeS‘lo
768 1040 885 1075 Sancffi

131 1090 217 1133 Julii
239 1091 274 1125 in
295 1089 450 1125 Dioecefi
475 1090 678 1125 Novarienfi
702 1090 762 1125 fita
778 1090 889 1138 (quae

130 1141 424 1186 quemadmodum
462 1142 481 1175 ὲ
516 1140 638 1175 multis
676 1142 828 1176 saeculis
856 1155 885 1176 e-

129 1192 182 1240 jus
214 1191 318 1225 Urbis
346 1190 528 1236 Eoiscopis
555 1190 664 1226 etiam
693 1191 730 1226 in
755 1201 882 1239 tempo-

130 1242 261 1277 ralibus
298 1240 448 1289 subjeffia
484 1241 580 1285 fuit,
618 1241 668 1276 ita
703 1243 738 1276 8<
776 1242 889 1277 nostro

129 1305 216 1326 aevo
237 1294 279 1327 ab
298 1291 512 1339 ampliffirno
531 1292 717 1327 cardinali
740 1295 770 1327 S.
790 1295 830 1327 R.
848 1295 887 1327 E.

128 1342 279 1377 Giberto
307 1343 506 1377 Bonromeo
539 1342 716 1377 Novariae
745 1342 880 1382 Episco-

132 1405 176 1439 po
214 1392 371 1440 regitur,
409 1393 441 1426 8<
480 1401 519 1426 ut
557 1403 688 1427 veteres
725 1393 888 1439 ajebant,

131 1441 377 1490 distringitur)
408 1455 583 1488 nunquam
613 1451 717 1489 caput
753 1443 803 1476 ita
831 1456 890 1476 ex·

130 1492 246 1527 tuliffe
271 1492 428 1536 videtur,
458 1502 495 1527 ut
515 1492 714 1527 Civitatem
737 1491 807 1527 finu
830 1492 888 1527 suo

130 1542 440 1590 complecteretur.
478 1542 535 1577 Ad
572 1542 655 1576 haec
693 1541 727 1576 in
758 1544 886 1577 Monu-

132 1593 259 1627 mentis
281 1592 524 1627 celeberrimae
546 1590 721 1626 Abbatiae
744 1594 881 1628 Nonan-

130 1644 269 1677 tulanae
296 1642 332 1676 in
363 1641 553 1676 Mutinensi
576 1655 657 1689 agro
679 1641 781 1685 sitae,
803 1655 885 1689 quo—

130 1706 204 1728 rum
243 1691 524 1734 compendiosam
564 1691 685 1726 seriem
723 1691 814 1727 infra
852 1692 887 1727 in

131 1744 271 1778 Diffi-rr.
300 1744 452 1778 LXVII.
479 1748 518 1776 de
545 1743 827 1789 mosa-acquirend.
853 1757 906 1778 e-.

128 1794 282 1841 vulgabo
304 1821 313 1835 ‚
354 1792 412 1827 sub
439 1794 571 1828 Carolo
601 1795 734 1836 Magno
773 1794 882 1828 nomi·

130 1854 232 1879 natur
250 1843 417 1887 johannes
444 1846 521 1877 Dux
546 1843 714 1886 Persia-eti,
743 1843 786 1876 (9¹
807 1847 887 1877 Pon.

131 1896 173 1928 tis
203 1894 316 1928 thsis.
346 1893 484 1938 Quibus
513 1893 642 1928 tabulis
670 1893 826 1941 Scriptor
845 1894 887 1928 il-

129 1945 162 1980 le
191 1943 382 1988 johannem
423 1943 545 1989 (certe
583 1945 729 1990 Ducem)
767 1943 839 1978 ins
825 1944 887 1979 ri-

129 1993 235 2052 pserit
256 1993 402 2034 Perficeti
430 1994 473 2026 (9²
498 1994 611 2027 Pontis
630 1995 729 2028 Ducis
749 1997 886 2038 Ducem,

127 2044 276 2080 minime
306 2043 418 2078 novi
447 2043 546 2086 Adi,
585 2043 606 2078 fi
635 2045 760 2088 lubet,
796 2044 886 2080 infra

129 2095 307 2130 Differtat.
337 2096 432 2128 XXI.
458 2098 495 2127 de
523 2097 619 2129 Statu
656 2095 793 2129 Italiae.
835 2097 885 2129 In-

128 2155 221 2180 terea
248 2144 386 2192 quando
413 2144 556 2179 statuere
585 2145 759 2189 velimus,
784 2146 884 2185 Past-

129 2206 225 2230 cetum
255 2195 528 2242 appellationem
567 2196 666 2230 Ducis
701 2196 884 2231 contuliffe

129 2256 322 2280 memorato
349 2245 523 2288 johanni,
544 2245 756 2292 consequens
777 2247 884 2281 etiam

130 2296 224 2339 crit,
259 2306 459 2331 numeratos
495 2295 584 2331 olim
611 2295 711 2332 fuiss'e
744 2299 884 2340 Ducoe,

470 225 977 269 DISSERTATIO
1031 224 1394 281 OUJNCTA

1598 233 1675 267 262

921 286 955 319 A
981 283 999 316 ὲ
1027 286 1154 329 quibus
1182 296 1223 318 nc
1250 297 1317 318 una
1345 282 1485 331 quidem
1518 281 1658 318 Ciuitas
1687 296 1737 318 re-

981 342 1143 380 geretur.
1185 333 1292 381 quue
1320 333 1496 382 potiffimv
1503 346 1535 368 m
1565 333 1599 367 in
1630 335 1739 368 Exar-

981 382 1113 424 chatu,
1143 385 1354 430 Pentapoli,
1393 384 1540 431 aliisque
1579 385 1739 420 Romano

983 411 1150 468 Pontifici
1179 433 1341 483 subjectis
1368 434 1567 483 regionibus
1589 435 1739 471 accidit.

981 485 1089 518 Porro
1117 484 1158 518 ad
1186 485 1277 519 hunc
1304 484 1416 533 ipsum
1448 487 1631 530 johannem
1667 489 1739 521 Du-

980 547 1041 568 cem
1082 533 1202 570 censeo
1244 548 1308 583 ego
1350 536 1522 582 pertinere
1567 536 1740 571 Chartam

978 583 1142 633 scriptam
1181 587 1288 620 Anno
1326 587 1580 622 DCCLxxlt.
1607 588 1738 622 Kalen-

976 634 1030 669 dis
1066 635 1153 678 Julii
1188 634 1227 670 in
1263 648 1346 683 agro
1387 637 1624 683 Bononiensi,
1665 650 1737 685 quo

978 694 1134 733 tempore
1171 685 1415 734 Langobardis
1452 688 1614 723 Bononia
1642 687 1740 723 sube-

977 744 1056 771 rat.
1085 737 1126 770 In
1153 734 1247 772 hisce
1273 735 1405 772 tabulis
1432 736 1549 786 agitur
1573 736 1616 773 de
1644 751 1741 787 prae-

977 785 1045 821 diis
1073 785 1230 835 politis
1220 800 1258 823 m
1287 786 1409 832 Villa,
1430 801 1520 837 quae
1540 788 1660 823 Reddu
1682 802 1742 847 ap-

980 838 1154 881 pellatur,
1192 837 1230 872 in
1258 837 1387 873 finibus
1414 837 1514 885 supra
1550 838 1739 875 memorati

983 887 1140 922 Perficeti
1158 915 1168 930 ‚
1206 887 1259 922 uti
1288 901 1406 933 nunc,
1443 889 1494 923 ita
1520 889 1555 922 δε
1582 903 1624 925 eo
1651 898 1740 924 tem-

980 951 1059 985 pore
1086 936 1147 971 sita
1175 939 1207 972 in
1236 939 1406 972 Ter-ritorio
1433 939 1633 982 Μοτιηεη]ε.
1670 940 1740 973 Eo-

978 1001 1055 1022 rum
1084 988 1247 1023 venditor
1275 988 1343 1023 fuit
1361 989 1529 1033 johannes
1549 992 1646 1032 Dux,
1667 1003 1743 1024 em·

979 1037 1050 1073 trix
1079 1041 1163 1073 vero
1189 1038 1390 1085 ⁴Anselberga
1417 1038 1592 1084 Abbatiffa
1626 1040 1740 1074 Sant‘li

980 1089 1186 1132 salvatoris,
1224 1102 1315 1124 nunc
1352 1089 1496 1124 Sanctae
1523 1090 1636 1133 Juliae
1663 1091 1742 1126 Bri-

980 1139 1103 1174 xianae
1130 1138 1327 1182 Civitatis,
1350 1139 1415 1175 hoc
1436 1141 1479 1175 est
1506 1141 1625 1176 eadem
1653 1141 1738 1185 illa,

978 1203 1064 1235 quae
1093 1200 1226 1238 patrem
1268 1190 1392 1225 habuit
1433 1190 1649 1226 Defiderium
1679 1206 1739 1241 po·-

942 1239 1138 1275 stremum
1167 1241 1479 1289 Langobaxdorum
1511 1244 1667 1290 Regem,
1704 1243 1738 1277 &

982 1291 1091 1338 prima
1120 1291 1303 1326 Abbatiffa
1331 1291 1457 1339 infigni
1488 1292 1545 1327 illi
1567 1293 1741 1328 Monaste-

980 1340 1033 1375 tio
1059 1340 1230 1386 praefuit,
1256 1341 1349 1387 quod
1378 1343 1396 1375 ὲ
1424 1341 1660 1379 fundamentis
1681 1357 1741 1379 ex·

980 1390 1105 1425 citarat
1146 1391 1219 1438 ejus
1262 1393 1389 1426 Pater.
1439 1394 1618 1429 Praeterea
1660 1393 1737 1430 heic

982 1451 1221 1476 memorantur
1245 1442 1314 1476 alia
1350 1442 1419 1477 duo
1457 1443 1738 1491 praestantissma

963 1487 1188 1547 ''Coenobia,
1217 1493 1250 1526 &
1279 1492 1349 1540 ipsa
1378 1491 1522 1528 fundata
1549 1495 1567 1528 ὲ
1597 1497 1738 1544 Lango-

981 1541 1094 1576 bardis
1130 1542 1396 1589 Optimatibus,
1433 1556 1581 1589 quorum
1620 1553 1712 1580 tame
1717 1559 1738 1580 n

982 1601 1121 1638 gentem
1162 1592 1325 1626 nonnulli
1368 1594 1518 1628 lacerare
1560 1604 1740 1643 pergunt,

980 1640 1071 1687 quasi
1099 1641 1349 1689 Langobardos
1388 1642 1489 1678 Vitia
1527 1645 1647 1680 omnia
1683 1646 1739 1681 de-

980 1691 1186 1738 turparint,
1228 1691 1352 1727 choxus
1394 1703 1509 1728 autem
1554 1694 1739 1731 Virtutum

981 1740 1076 1776 domi
1104 1751 1244 1776 tantum
1272 1755 1391 1778 eorum
1431 1744 1660 1789 placidiffime
1693 1746 1741 1782 se-

978 1791 1095 1836 deret,
1123 1792 1184 1839 qui
1212 1805 1254 1828 ex
1285 1794 1595 1841 Langobardorum
1618 1796 1738 1844 spoliis

979 1842 1173 1890 potentiam
1202 1842 1295 1878 suam
1332 1843 1623 1892 amplificarunt.
1659 1849 1738 1882 Me.

979 1903 1179 1932 morantur,
1208 1893 1375 1940 inquam,
1412 1894 1462 1929 ibi
1493 1894 1591 1941 lupia
1619 1897 1737 1933 lauda-

978 1953 1052 1977 tum
1083 1943 1333 1978 Monasterium
1363 1946 1626 1980 Nonantulanum
1655 1950 1738 1982 San.

963 1993 1027 2028 <Eli
1056 1993 1237 2034 silvestri
1274 1995 1307 2029 δε
1339 1996 1489 2029 alterum
1518 1996 1636 2032 Sanffli
1665 1999 1737 2033 Sal-

980 2044 1112 2079 vatoris
1139 2046 1182 2078 ad
1209 2048 1326 2079 Leones
1362 2044 1546 2082 fundatum
1584 2047 1621 2082 in
1654 2061 1736 2096 agro

979 2094 1173 2130 Btixiano.
1210 2097 1262 2129 En
1291 2095 1460 2131 charram
1491 2095 1622 2145 ipsam,
1650 2111 1737 2144 quae

979 2145 1089 2180 adhuc
1119 2145 1247 2192 legitur
1275 2145 1311 2180 in
1340 2146 1502 2181 Archivo
1541 2148 1738 2184 Monacho-

980 2208 1054 2230 rum
1095 2195 1330 2232 Casmenfium
1373 2195 1490 2232 Sanffl
1534 2197 1629 2234 Petri
1670 2201 1737 2235 Re-

960 2244 1100 2330 Jgiensts
1119 2271 1128 2281 .

918 2122 947 2155 E

1591 2605 1684 2640 Veni
