2195 3032
184 248 270 297 '421
426 237 969 285 DISSERTATIO
1043 235 1441 296 QUINCTAa
1589 238 1675 288 '422

124 301 257 347 provehi
283 299 481 343 desiderans,
509 301 549 334 ab
576 301 762 346 Imperatore
793 299 888 345 coepit
915 304 948 338 A
976 298 994 332 ὲ
1021 297 1196 333 Gonnarii
1223 301 1339 332 Ata-vo
1374 294 1533 339 Barafime
1560 295 1655 341 Rege
1683 299 1738 326 ced

127 352 314 398 implorare,
352 361 387 385 ut
422 351 524 396 Regio
554 350 635 394 filio
670 351 885 386 decoraretur.

127 404 279 436 Tamdem
305 400 507 446 Principum,
536 414 571 434 ac
598 414 657 434 non
683 400 816 435 modicae
832 412 884 447 pe.

126 453 236 487 cuniae
262 452 461 493 interventu,
487 462 543 497 pro
567 449 647 496 poffe
673 451 746 485 liset
771 450 881 493 resiste.

125 514 195 536 rent
220 515 256 537 ac
282 511 426 547 rogarent
461 501 599 548 Populi.
638 515 674 535 ne
702 502 794 536 illum
822 506 881 536 Re.

120 566 191 600 gem
218 551 430 595 constitueret,
460 552 511 585 die
542 555 653 586 Lunae
679 552 775 587 tertid
802 566 881 586 mem

117 603 164 644 sis
189 601 333 648 ,Augusti
360 602 459 648 ipsum
480 605 651 648 Imperator
669 607 788 650 Regem
808 607 880 638 Sar-

122 653 232 686 diniae
260 652 420 695 instituit,
446 656 679 699 promittentem
705 655 747 688 (9¹
769 654 881 699 juran-

122 712 183 736 tem
211 704 396 749 Imperatori
423 702 638 746 fidelitatem.
677 705 805 741 Latius
832 704 881 740 di·

121 752 211 801 gesta
249 752 333 788 haec
377 752 481 789 habes
523 754 561 790 in
601 755 772 791 Annalib.
817 758 881 790 Ge-

120 802 239 838 nuens.
266 804 299 838 &
329 803 365 837 in
393 803 575 840 Chronico
603 805 750 848 Pisano,
778 805 884 841 editis

119 853 158 888 in
186 850 310 889 eodem'
336 856 455 889 Tomo
478 857 540 890 VI.
570 858 700 891 Rerum
730 855 881 891 Italicar.

118 903 179 938 ubi
227 903 423 940 referuntur
460 905 596 941 diffidia
636 919 706 941 non
754 919 882 954 pauca,

118 967 206 1001 quae
234 954 327 990 inter
355 955 563 991 Barasonem
593 957 683 992 hunc
712 957 875 992 umbrati

115 1005 186 1040 lem
215 1007 368 1054 Regem,
398 1007 597 1054 ceterosque
625 1007 803 1042 Sardiniae
823 1010 876 1051 Ju-

116 1054 237 1098 dices,
280 1056 479 1104 pariterque
523 1059 616 1093 inter
654 1057 876 1093 Genuenses.

115 1113 221 1154 atque
247 1106 390 1142 Pisanos
418 1107 516 1143 illius
542 1107 657 1143 caussa
685 1107 877 1143 intercesse-

112 1169 169 1191 re.
208 1157 335 1192 Tertio
362 1157 525 1201 Judicato
561 1159 715 1193 Gallurae
750 1172 878 1194 nomen

113 1205 204 1249 fuit.
235 1206 277 1241 de
304 1220 375 1255 quo
403 1207 528 1243 itidem
558 1208 695 1244 mentio
722 1209 877 1245 occurrit

113 1256 150 1292 in
179 1266 376 1293 memorato
405 1258 587 1295 Chronico
617 1259 764 1295 Pisano.
804 1262 871 1306 Dy-

112 1306 238 1343 nastiae
281 1307 382 1357 hujus
423 1309 562 1352 Judices
600 1309 659 1345 diu
703 1309 876 1354 floruere,

111 1357 222 1393 donec
250 1357 392 1394 circiter
417 1361 564 1395 Annum
593 1361 876 1396 MCCXCVHI.

111 1409 129 1442 ὲ
169 1407 265 1443 vivis
309 1408 463 1444 sublatus
504 1409 575 1452 est,
617 1411 714 1445 nulla
755 1410 877 1445 relicta

110 1459 232 1505 prole,
272 1460 426 1505 Ugolinus
453 1461 607 1495 Gallurae
623 1463 758 1505 judex,
798 1463 874 1496 Ma-

109 1508 201 1544 ritus
229 1510 387 1544 Beatricis
413 1510 578 1554 Estensis,
616 1524 705 1558 quae
743 1511 815 1559 post
842 1525 870 1547 e-

108 1559 164 1605 jus
192 1558 263 1595 fata
291 1559 419 1596 iterum
448 1560 561 1608 nupsit
585 1560 750 1596 Galeatio
771 1561 874 1597 Vice-

108 1608 239 1644 comiti
276 1610 454 1647 Matthaei
493 1611 620 1660 Magni
658 1610 757 1656 filio,
795 1614 872 1648 Me-

109 1658 365 1694 diolanenfium
394 1661 519 1697 deinde
561 1661 741 1710 Principi.
780 1664 868 1697 Dan-

107 1718 160 1744 tes
182 1709 388 1757 Aldigerius
405 1711 550 1746 celebris
572 1711 671 1747 illius
689 1712 766 1748 aevi
790 1715 865 1748 Ροέἑ-

108 1768 144 1795 ta
172 1759 336 1795 Etruscus
358 1788 368 1804 ‚
397 1760 592 1797 honorifice
630 1762 795 1800 meminit
824 1766 870 1798 U-

108 1809 224 1858 golini
252 1809 380 1857 hujus,
410 1825 513 1858 quem
542 1813 665 1847 Ninum
694 1815 846 1862 appellat
864 1843 873 1858 ‚

108 1862 196 1908 Cap.
225 1862 327 1896 V111.
357 1862 557 1911 Purgatorii
576 1890 585 1906 ‚
614 1863 695 1898 dum
725 1877 803 1899 eum
833 1864 873 1900 de

106 1910 270 1947 Beatrice
307 1920 409 1947 antea
446 1913 607 1963 Conjuge
645 1913 703 1950 sua
739 1914 790 1951 ita
820 1917 869 1950 lo-

109 1970 276 2010 quentem
304 1960 413 1998 facit:

157 2040 231 2072 Non
258 2038 288 2071 le
310 2038 386 2081 sard
411 2042 439 2073 s)
466 2041 551 2075 bella
571 2041 731 2088 sepoltura

206 2091 258 2123 La
276 2088 391 2135 Vipera
403 2118 412 2134 ‚
436 2091 488 2124 che
506 2092 517 2124 i
534 2092 691 2132 Milanefi
704 2103 849 2138 accampa
861 2121 869 2135 ‚

207 2141 300 2173 Come
312 2140 408 2175 avria
418 2143 505 2185 fatto
521 2142 546 2175 il
559 2144 653 2177 Gallo
664 2143 701 2176 di
713 2144 849 2177 Gallum
861 2170 870 2178 .

107 2214 270 2250 Tandem
317 2227 480 2264 quartum
520 2217 698 2254 Sardiniae
735 2218 868 2262 Judica-

106 2272 183 2300 tum
212 2270 328 2300 Turres
365 2267 640 2310 constituerunt,
678 2269 770 2316 quod
800 2269 870 2304 alio

106 2314 251 2351 nomine
274 2319 432 2363 Logodoro
462 2318 506 2354 est
536 2320 771 2368 appellatum.
799 2319 867 2366 spe·

103 2363 200 2400 &ans
230 2366 271 2401 ad
297 2370 494 2404 Gonnarium
520 2369 656 2417 ipsum,
686 2370 782 2417 cujus
806 2370 862 2405 Di-

105 2416 225 2461 ploma
263 2416 359 2465 supra
387 2419 597 2456 attulimus.
636 2420 721 2456 Veri
750 2431 865 2456 autem

103 2464 216 2501 fimile
244 2466 311 2509 est,
351 2478 410 2504 aut
446 2470 534 2505 hanc
573 2471 753 2507 Sardiniae
791 2485 864 2519 par-

101 2524 174 2551 tem
216 2517 364 2565 reliquis
406 2520 561 2556 anteiiffe
605 2521 642 2556 in
679 2521 863 2558 deferendo

102 2567 256 2618 Regium
284 2568 432 2621 titulum
459 2569 527 2621 suis
553 2571 735 2618 Judicibus
753 2600 763 2619 ,
803 2580 862 2611 aut

977 358 1068 383 teros
1096 349 1203 383 etiam
1236 348 1373 391 Judices
1401 343 1608 381 descendisse
1627 371 1637 386 ,
1675 341 1738 389 qui

979 398 1129 433 Insulam
1170 398 1281 447 postea
1318 398 1411 433 inter
1439 395 1470 431 se
1498 394 1630 430 fuerint
1662 406 1739 441 par-

978 449 1064 484 titi.
1093 451 1139 484 Et
1167 463 1275 497 pauca
1302 448 1386 484 haec
1414 447 1454 482 de
1483 444 1641 481 Sardinia
1670 442 1738 479 suf-

975 498 1119 542 ficiant,
1148 500 1189 534 de
1209 513 1276 547 qua
1297 499 1437 546 ejusque
1458 496 1639 540 Judicibus
1661 495 1738 542 plu-

976 563 1011 585 ra
1039 549 1190 585 adferam
1230 551 1267 585 in
1296 562 1404 588 nuper
1435 556 1628 583 memorata
1657 545 1737 580 Dis.

976 599 1052 636 fert.
1084 602 1231 635 XXXII.
1259 602 1297 634 de
1327 599 1450 646 Origin-
1488 599 1634 645 Linguae
1670 599 1737 632 Ita-

975 652 1026 686 lic.
1056 651 1161 696 Quod
1193 651 1362 699 postremo
1393 649 1649 685 animadvertas
1678 661 1738 683 vc-

974 701 1037 737 lim
1056 729 1065 745 ,
1094 701 1234 748 antiqui
1262 701 1461 736 Gothorum
1493 701 1628 747 Reges,
1664 711 1737 733 non

975 755 1107 800 Reges,
1145 751 1199 787 sed
1227 753 1362 796 judices
1398 750 1565 799 appellari
1603 750 1636 783 δε
1673 748 1737 796 ipfi

975 804 1195 846 maluerunt,
1234 804 1364 850 quippe
1401 801 1467 835 hoc
1504 799 1649 834 nomine
1685 801 1738 834 A-

976 853 1196 888 thanaricum
1227 853 1360 887 donant
1389 850 1601 885 Ammianus
1639 851 1737 884 Mar-

976 903 1123 938 cellinus
1153 903 1235 939 Lib.
1266 915 1324 949 27.
1353 901 1483 937 Histor.
1511 913 1550 936 ac
1586 899 1737 936 Themi-

975 953 1054 988 stius
1083 954 1120 988 in
1148 956 1247 988 Orat.
1277 956 1319 988 X.

1028 1006 1136 1039 Porro
1164 1017 1271 1051 quum
1300 1003 1391 1037 facia
1419 1001 1509 1038 mihi
1538 1001 1635 1050 supra
1663 1001 1737 1037 fue-

974 1053 1022 1089 rit
1050 1054 1187 1089 mentio
1216 1055 1354 1089 Ducum
1380 1053 1414 1088 δε
1442 1053 1644 1101 Principum
1671 1054 1736 1088 Be-

975 1114 1279 1145 neventanorum‚
1317 1104 1410 1140 inter
1446 1103 1570 1139 Italiae
1600 1103 1735 1138 Princi-

974 1169 1029 1202 pes
1058 1155 1117 1191 diu
1155 1155 1368 1190 eximiorum
1386 1183 1396 1199 ‚
1435 1167 1647 1202 quamquam
1676 1167 1734 1188 eo-

972 1219 1048 1241 rum
1079 1205 1199 1241 seriem
1239 1206 1361 1241 multis
1400 1204 1645 1253 pertrafflatam
1674 1203 1734 1239 ha-

973 1257 1112 1292 beamus
1138 1257 1178 1291 ab
1201 1256 1388 1292 Historicis
1416 1255 1618 1298 nonnullis,
1647 1268 1735 1302 quo-

972 1320 1047 1342 rum
1085 1306 1261 1354 Opuscula
1297 1307 1473 1342 Camillus
1511 1305 1732 1354 Peregrinius

973 1357 1187 1406 evulgavit,
1230 1366 1334 1405 atque
1376 1370 1439 1405 ego
1482 1356 1593 1396 rursus
1636 1355 1732 1391 edidi

973 1409 1064 1442 Part.
1094 1409 1119 1442 I.
1148 1407 1259 1442 Tomi
1297 1409 1342 1443 ΙΙ.
1375 1410 1454 1443 Rer.
1492 1407 1645 1442 Italicar.
1677 1407 1732 1442 ni·

971 1458 1046 1493 hilo
1066 1467 1183 1494 tamen
1211 1457 1320 1494 secius
1341 1458 1494 1494 tenebris
1523 1457 1730 1493 subdufflum

970 1509 1046 1544 heic
1075 1509 1160 1544 volo
1179 1509 1282 1544 breve
1303 1509 1508 1545 Chronicon
1523 1536 1532 1551 ,
1561 1508 1655 1555 quod
1675 1521 1731 1543 ac-

970 1569 1109 1606 ceptum
1147 1558 1258 1594 refero
1297 1560 1452 1596 Nicolao
1480 1558 1658 1602 Aloifiae,
1696 1572 1731 1594 a-

971 1610 1064 1645 mico
1102 1609 1209 1653 viro,
1252 1610 1285 1644 &
1323 1610 1578 1657 antiquitatum
1621 1608 1731 1645 medii

969 1659 1046 1695 aevi
1085 1659 1268 1707 praecipue
1295 1660 1552 1695 amantiffimo.
1591 1660 1730 1696 Descri-

971 1710 1033 1750 psit
1069 1710 1132 1746 ille
1169 1710 1386 1757 Opusculum
1424 1711 1490 1746 hoc
1519 1713 1536 1746 ὲ
1567 1720 1729 1760 pervetu-

968 1762 1015 1796 sto
1046 1761 1180 1797 Codice
1209 1763 1315 1796 MSto
1353 1761 1596 1797 Bibliothecae
1626 1761 1728 1797 Vati-

968 1826 1092 1855 canae,
1125 1811 1304 1859 Notusque
1326 1812 1433 1848 etiam
1463 1812 1620 1855 addidit,
1642 1826 1727 1859 quas

968 1862 1065 1898 simul
1104 1861 1235 1897 Leaor
1263 1862 1432 1910 accipiet.
1472 1864 1526 1897 Ita
1555 1866 1636 1898 vero
1664 1863 1727 1898 ille

967 1913 1006 1948 ad
1037 1926 1091 1948 me
1129 1911 1281 1960 scripfit:
1321 1915 1452 1948 oblatus
1488 1913 1529 1955 cst
1565 1913 1642 1947 mihi
1668 1916 1729 1947 Co-

966 1966 1023 1997 dex
1050 1965 1319 2008 membranaceus,
1356 1964 1411 2010 qui
1437 1964 1512 1997 olim
1540 1965 1572 1997 in
1601 1964 1728 1998 Biblio-

962 2017 1049 2050 theca
1074 2020 1107 2048 τέ
1128 2020 1268 2057 marafim
1296 2015 1483 2049 Cardinalis
1519 2015 1631 2049 sirleti
1667 2016 1725 2049 ad-

965 2068 1129 2110 (ervatus‚
1170 2067 1371 2111 illztftrtffirrro
1400 2066 1584 2101 *Atmallttm
1621 2066 1726 2100 condi-

963 2118 1024 2150 tori
1043 2118 1182 2151 Baronio
1207 2116 1380 2164 pezjspeffus
1402 2117 1486 2159 suit.
1515 2118 1575 2151 „dcl
1601 2117 1726 2150 Biblio-

962 2168 1079 2202 thecam
1122 2168 1309 2203 Vaticanam
1353 2181 1433 2201 mmc
1470 2167 1607 2213 pertinet
1628 2195 1637 2208 ,
1682 2168 1724 2200 (9⁴

962 2218 1153 2261 Psalterium
1193 2218 1368 2260 Monizstico
1403 2231 1482 2251 more
1517 2217 1722 2263 dispositum,

961 2272 986 2302 S
987 2270 1247 2304 atramentarium
1259 2297 1268 2313 ,
1304 2279 1396 2315 atque
1422 2268 1696 2314 .ss71tipl10narlum
1712 2295 1723 2312 ‚

962 2320 1153 2366 Rittmlcque
1178 2326 1322 2362 demum,
1353 2333 1387 2352 ac
1412 2319 1624 2359 Hymnarium
1645 2332 1724 2353 com-

957 2369 1131 2415 plecsffitur,
1161 2370 1388 2405 char-affirmas
1415 2370 1663 2416 LangobardicIs
1692 2383 1723 2403 e-

958 2431 1094 2454 xarata.
1135 2421 1239 2464 Huic,
1278 2434 1364 2467 quem
1391 2420 1637 2467 tenthmſjimum
1663 2434 1721 2454 vo-

958 2480 1008 2505 cat
1049 2472 1190 2505 eruditus
1227 2472 1484 2506 Bartholomaeus
1524 2474 1720 2515 Camarum,

958 2520 1132 2568 praefixum
1153 2522 1194 2563 eft
1220 2522 1410 2566 (Hyrcana-on,
1438 2523 1478 2556 ab
1496 2526 1596 2557 Anno
1617 2526 1723 2556 DCC.

958 2575 1178 2608 LXXXVIII.
1207 2574 1250 2608 ad
1269 2577 1404 2610 „Annum
1431 2573 1526 2620 usque
1552 2574 1718 2609 MCXJH.

1043 2624 1078 2661 D
1105 2622 1126 2659 d
1180 2635 1201 2660 2
1571 2624 1670 2659 dedu-
