2195 3032
493 232 547 283 83
798 230 1184 289 ANTIQUIT.
1233 228 1455 274 MEDII
1500 232 1672 275 AEVI
1925 239 1981 290 84

434 288 517 324 retti
547 288 716 324 talonachi
744 290 964 326 Benedifflni
991 291 1026 325 in
1052 290 1189 326 Differt.
1220 292 1253 326 A
1284 292 1410 327 noniae
1447 291 1624 328 inferioris
1661 293 1744 328 haec
1782 292 1886 328 habet
1921 297 2038 330 Enno·

433 339 674 387 Chorsujraph.
705 339 818 374 Medii
849 340 942 375 Aevi
960 369 969 385 ,
997 341 1090 377 edita
1117 344 1184 378 To-

432 401 492 424 ino
523 393 562 424 X.
594 390 828 426 Collectionis
859 405 953 427 meae
985 394 1062 428 Rer.
1089 393 1183 430 Itali-

433 453 548 475 carum
564 469 571 481 ,
594 451 748 476 attamen
770 442 908 489 quando
934 442 1016 479 haec
1044 454 1123 480 ante
1144 445 1184 481 il-

431 491 503 524 lum
535 493 652 538 proelo
680 506 900 539 paraveram,
929 494 1034 530 liceat
1058 496 1091 530 8(
1121 496 1184 532 mi-

432 539 468 574 hi
499 543 533 575 in
574 541 763 584 praesentia
802 544 933 591 publici
964 545 1050 594 juris
1077 545 1186 582 facere

430 603 538 637 pauca
562 591 642 627 haec
668 593 708 627 ad
731 605 995 642 argumentum,
1017 597 1109 645 quod
1134 598 1185 633 in-

430 641 521 683 vasi,
551 643 706 689 apprime
734 646 940 681 necessaria.

484 693 574 727 Flud
596 694 747 737 constat,
769 697 801 729 ὅ(
825 697 1059 733 amolitudine
1079 699 1110 733 δε
1134 699 1183 734 νὶ-

427 741 523 776 ribus
551 742 681 779 summe
706 744 897 783 sufflatum
923 747 1020 782 fuisse
1046 751 1182 797 Lango-

429 791 614 828 brrdorum
652 796 688 829 in
724 797 826 831 Italia
865 799 1048 845 Regnum3
1087 800 1181 835 Tici-

425 855 581 890 numque
618 855 802 888 centrum,
841 861 878 882 ac
910 849 1054 897 Regiam
1085 849 1183 885 illius

427 893 617 936 exstitisse,
654 897 687 929 &
719 897 913 932 universam
946 899 1014 935 fere
1045 900 1183 935 Italiam

424 942 464 978 in
493 944 567 990 ipso
596 947 896 991 comprehensam.
936 950 1081 985 Boream
1111 964 1181 986 ver-

426 992 480 1028 sus
514 995 729 1042 nertingebat
757 996 862 1044 usque
891 1000 930 1033 ad
960 998 1044 1035 fines
1073 1011 1181 1036 extre-

426 1057 504 1079 mos
533 1045 721 1088 Tridenti,
750 1061 836 1094 quae
867 1049 1007 1086 Civitas
1045 1052 1085 1086 ab
1117 1065 1185 1086 uno

426 1107 469 1129 ex
508 1095 749 1142 Langobardis
787 1100 943 1134 Ducibus
980 1102 1184 1147 regebatur,

424 1146 459 1179 δ(
490 1145 660 1193 progrcffu
690 1148 857 1194 temporis
887 1163 990 1184 unam
1018 1146 1060 1186 ex
1088 1153 1182 1187 Itali·

426 1195 476 1229 cis
503 1195 674 1230 Marchiis
701 1197 902 1234 constituit.
932 1201 1109 1236 Civitates
1135 1216 1170 1237 er

425 1258 471 1293 go
500 1247 666 1289 Bergomi,
699 1248 851 1293 Brixiae,
889 1253 1044 1294 Veronae,
1077 1256 1180 1287 Vtcen-

423 1296 513 1336 tiae,
555 1297 712 1340 Patavii,
750 1300 959 1344 Tarvisium,
997 1303 1183 1349 .A'quileja³

424 1346 588 1392 quamvis
609 1347 762 1391 excisas,
783 1359 887 1397 atque
913 1352 1002 1387 aliae
1028 1366 1105 1388 cum
1134 1363 1180 1388 to·

423 1404 464 1430 to
493 1399 572 1430 Foro
600 1398 693 1440 sulii
728 1401 1039 1447 Langobardorum
1079 1403 1181 1437 ditio-

421 1458 502 1480 nem
528 1448 545 1480 ὲ
567 1448 788 1484 Germanicis
814 1450 1016 1498 regionibus
1042 1452 1169 1487 dirime

424 1496 534 1531 bant.
575 1498 630 1532 Ad
661 1499 891 1535 Occidentem
927 1501 1005 1549 juga
1035 1503 1182 1549 Alpium

423 1546 530 1581 finem
559 1547 751 1583 statuebant
780 1550 872 1585 inter
900 1553 1057 1598 Regnum
1087 1554 1176 1588 Itali.

423 1609 504 1631 cum
534 1598 567 1631 8<
599 1599 800 1641 Gallicum,
839 1600 906 1635 five
945 1604 1182 1645 francorum,

422 1646 486 1681 nifi
516 1649 608 1692 quod
641 1647 678 1682 ad
712 1649 932 1697 Burgundiae
961 1653 1119 1698 Regnum
1151 1667 1177 1687 a>

422 1697 593 1744 liquando
622 1697 791 1741 spectavit
819 1701 970 1746 „fstcgztsta
999 1704 1181 1745 Praetoria,

422 1761 511 1795 quae
541 1758 655 1783 tamen
685 1750 806 1785 Caroli
834 1751 958 1798 Magni
987 1766 1072 1787 aevo
1090 1781 1099 1797 ,
1129 1755 1180 1789 uti

421 1799 441 1831 ὲ
471 1798 647 1846 postremis
675 1800 746 1846 ejus
775 1802 903 1836 tabulis
933 1803 1082 1843 constat,
1115 1806 1176 1839 lta·

420 1847 492 1883 liae
522 1849 608 1896 Regi
637 1852 792 1887 oarebat.
822 1852 878 1886 Ad
907 1853 1096 1888 Meridiem
1123 1868 1178 1889 ve-

419 1911 460 1933 ro
499 1899 671 1947 comple&
698 1902 796 1936 batur
833 1901 866 1936 id
907 1905 1064 1950 Regnum
1103 1906 1176 1940 uni-

419 1948 555 1984 versam
587 1951 761 1998 regionem
783 1980 792 1995 ‚
831 1966 916 1999 quae
954 1954 998 1988 est
1033 1956 1050 1989 ὲ
1084 1957 1177 1990 Varo

419 1997 560 2044 fluvio,
597 2000 654 2036 seu
682 2002 699 2036 ὲ
731 2003 840 2037 Nicea
869 2003 1057 2048 Civitate,
1087 2019 1177 2041 nunc

419 2050 559 2095 Νῐξςα,
597 2065 656 2098 per
684 2052 788 2087 maris
826 2053 909 2089 litus
946 2057 1176 2100 continuata,

420 2100 526 2147 usque
554 2101 594 2136 ad
623 2101 708 2137 fines
739 2105 886 2139 Romani
920 2107 1073 2140 Ducatus
1092 2134 1101 2146 ,
1140 2121 1178 2141 ac

420 2161 601 2198 propterea
638 2154 733 2187 Litus
769 2155 940 2199 Italisum,
979 2169 1016 2190 ac
1050 2157 1178 2200 Tusciae

419 2203 578 2235 Damnem
623 2203 729 2249 Quod
750 2204 794 2240 est
814 2205 854 2240 ad
875 2205 1080 2249 Orientem,
1107 2220 1175 2242 non

420 2251 539 2286 eadem
575 2252 743 2290 stabilitas
771 2255 839 2291 fuit
878 2256 1002 2292 tinibus
1038 2259 1175 2306 Lango-

420 2300 579 2338 bai-dicae
607 2304 777 2350 ditionis,
805 2307 963 2342 Orientis
986 2310 1160 2345 Imperato

419 2351 516 2407 ribus
542 2367 743 2402 perpetuum
773 2370 879 2405 paene
899 2358 1028 2394 bellurn
1059 2373 1173 2407 geren·

420 2401 516 2437 tibus
562 2415 681 2440 contra
727 2406 860 2443 suarum
909 2410 1174 2446 Provinciarum

420 2450 638 2499 usurpatores
655 2484 664 2500 ,
699 2466 802 2505 atque
829 2459 873 2494 iis
902 2459 1060 2496 fortunae
1088 2461 1172 2497 vici-

420 2501 509 2546 bus,
549 2518 634 2548 quae
663 2509 777 2543 variae
814 2510 922 2544 aleam
962 2513 1090 2547 Martis
1118 2525 1172 2547 co-

418 2552 542 2592 mitari
561 2555 693 2595 solent.
722 2559 775 2595 De
796 2559 925 2596 Sirmio
953 2562 1068 2612 capite
1090 2564 1174 2599 Pan-

1283 343 1359 378 dius
1387 343 1424 378 in
1454 344 1668 392 Panegyrico
1696 344 1932 379 Theoderici:
1970 346 2041 379 Sir.

1284 394 1443 433 mienst'um
1469 395 1597 429 Civitas
1617 395 1688 429 olim
1713 396 1801 428 limes
1824 396 1934 429 Italiae
1953 396 2039 439 fuit.

1287 447 1386 480 Illam
1413 446 1652 482 Theod‹ricus
1682 447 1772 482 idern
1803 446 1948 492 Gepidis
1971 458 2042 480 ere-

1287 506 1380 544 ptam
1419 499 1540 545 Regno
1587 499 1706 532 [taliae
1744 496 1930 545 adjunxit.
1971 498 2044 531 Ve-

1286 560 1360 582 rum
1400 560 1468 581 non
1506 549 1546 581 eo
1584 547 1689 594 usque
1730 546 2042 595 Langobardorum

1285 597 1376 632 ditio
1419 606 1605 645 propagata
1647 597 1715 632 est.
1759 600 1823 632 Pri·
1865 600 2042 631 Ducatum

1286 647 1560 695 forojuliensem
1616 647 1920 694 Langobardicum
1979 650 2044 681 Re-

1285 711 1391 746 gnum
1413 708 1492 733 ante
1513 699 1680 749 Carolum
1703 701 1871 746 Magnum
1893 700 1931 732 ad
1956 699 2043 731 Pan-

1287 749 1411 784 noniae
1440 748 1523 783 fines
1552 748 1844 794 protend>·batur,
1874 759 1976 795 atque
1999 760 2042 782 ex

1286 799 1353 834 alia
1380 809 1474 846 parte
1500 798 1666 834 Histriam
1690 798 1938 846 contingebat,
1966 811 2044 844 pro-

1287 850 1441 884 vinciam
1476 862 1600 896 nempe
1635 849 1675 884 ad
1706 852 1856 884 Graecos
1890 848 2043 890 spectan-

1285 910 1376 935 tem.
1399 900 1455 934 Ad
1483 899 1658 935 statuenda
1688 900 1765 934 illic
1794 899 1885 934 inter
1912 909 2044 933 utram-

1285 964 1351 997 que
1387 950 1561 984 ditionem
1596 949 1771 992 confinia,
1810 948 1943 985 nonnisi
1973 948 2044 996 post

1287 1001 1396 1034 multa
1426 1001 1516 1035 bella
1547 1011 1752 1047 perventum
1781 999 1851 1043 est,
1889 1012 1927 1034 ac
1955 1009 2044 1034 tem-

1286 1051 1425 1087 moribus
1465 1050 1637 1085 duntaxat
1675 1063 1782 1098 nuper
1813 1049 1946 1084 laudati
1977 1051 2043 1084 Re-

1285 1101 1337 1148 gis
1368 1100 1600 1149 Liutprandi.
1638 1102 1742 1136 Tunc
1779 1100 1872 1135 enim
1904 1101 2045 1134 Paullu-

1286 1151 1359 1185 cius
1388 1154 1604 1186 Venetorum
1645 1153 1753 1194 Dux,
1789 1152 1822 1185 8<
1853 1151 2044 1185 Marcellus

1242 1205 1249 1209 ’
1287 1201 1449 1249 Magister
1485 1203 1678 1245 Militum,
1717 1200 1831 1236 versus
1867 1201 2046 1235 Civitatem

1285 1255 1410 1287 Novam
1448 1251 1690 1287 stabiliverunt
1727 1251 1839 1293 fines,
1877 1251 1917 1285 ad
1955 1264 2042 1296 quos

1285 1303 1496 1350 pertingeret
1509 1302 1814 1351 Langobardicum
1831 1301 2017 1347 imperium
2031 1327 2041 1345 ,

1283 1366 1405 1399 nempe
1434 1352 1581 1387 fluvium
1621 1354 1777 1396 Plavem,
1811 1365 1914 1399 quem
1955 1364 2041 1386 non-

1282 1403 1369 1436 nulli
1401 1416 1577 1449 perperam
1617 1412 1740 1444 putant
1769 1402 1935 1436 Anaffum
1955 1427 1964 1436 .
2002 1400 2040 1436 Id

1282 1452 1465 1499 colligitur
1500 1464 1542 1486 ex
1583 1452 1788 1497 Diplomate
1827 1451 2039 1495 Pa&oruni,

1280 1515 1367 1548 quae
1406 1503 1511 1536 Anno
1542 1503 1916 1538 DCCCCLXXXIH.
1950 1501 2040 1537 inita

1281 1552 1357 1586 sunt
1386 1553 1426 1586 ab
1454 1554 1589 1587 Ottone
1614 1554 1658 1587 11.
1682 1552 1836 1600 Augusto
1858 1565 1935 1588 cum
1957 1551 2040 1587 Tri-

1280 1604 1372 1636 buno
1412 1604 1508 1636 Duce
1548 1603 1776 1638 Venetiarum
1800 1630 1808 1638 .
1847 1603 1937 1638 Illud
1976 1616 2039 1651 ego

1281 1652 1411 1699 publici
1442 1652 1526 1699 juris
1554 1652 1621 1688 feci
1646 1655 1753 1687 Anno
1779 1665 1884 1700 1712.
1905 1653 1942 1688 in
1966 1655 2038 1701 Ap-

1279 1702 1421 1747 pendice
1445 1703 1616 1738 Plenioris
1640 1702 1880 1750 Fxpofitionis
1901 1703 2036 1746 Jurium

1277 1752 1523 1788 Caesareorum
1553 1767 1590 1789 ac
1619 1753 1804 1788 Estenfium
1834 1753 1870 1788 in
1897 1753 2036 1789 Civita-

1276 1813 1346 1837 tem
1387 1804 1572 1847 comacli,
1611 1817 1685 1852 pag.
1725 1807 1807 1851 360.
1835 1807 1885 1838 De
1911 1803 2038 1847 finibus

1276 1853 1360 1899 (ira
1389 1854 1439 1888 ibi
1477 1856 1566 1888 Otto
1603 1856 1647 1889 Il.
1678 1855 1899 1901 Imperator)
1941 1855 2037 1888 Civi-

1275 1904 1351 1938 tatis
1388 1907 1500 1939 Novae
1528 1906 1726 1947 statuimus,
1763 1916 1798 1939 ut
1834 1905 2034 1948 terminatio,

1274 1969 1351 2001 quae
1377 1957 1397 1988 ἂ
1425 1965 1555 2002 tempore
1583 1956 1778 2002 Lr‘utprandi
1814 1956 1915 2002 Regis
1945 1955 2037 1998 faffa

1274 2005 1314 2046 es}
1342 2006 1423 2039 inter
1450 2006 1671 2040 Paulucionem
1700 2009 1815 2040 Ducem
1832 2033 1842 2049 ,
1871 2006 1913 2038 (9⁴
1942 2007 2035 2038 Mar-

1274 2056 1382 2089 cellum
1405 2055 1599 2101 Nlagtstrum
1622 2056 1769 2089 Militum
1783 2083 1791 2097 ,
1807 2055 1949 2101 deinceps
1968 2069 2033 2090 ma-

1275 2119 1344 2139 nere
1369 2107 1478 2139 debeas
1495 2132 1504 2148 ,
1534 2105 1609 2146 idest
1636 2106 1672 2139 de
1699 2106 1800 2140 Plavt‘
1828 2105 1961 2149 majori,
1998 2119 2033 2139 ιι-

1273 2156 1343 2202 sque
1371 2155 1403 2188 in
1431 2155 1565 2190 Pla-vim
1585 2154 1716 2195 ficcam.
1742 2159 1959 2201 Repetuntur
1979 2169 2033 2191 ea-

1274 2207 1350 2241 dem
1380 2206 1482 2241 verba
1504 2206 1539 2240 in
1561 2206 1706 2254 reliquis
1729 2206 1946 2251 Diplomatis
1970 2207 2032 2241 Pa-

1273 2257 1408 2292 &orum
1437 2256 1530 2291 inter
1560 2258 1668 2304 Reges
1699 2257 1843 2299 Italiae,
1873 2266 1932 2291 aut
1964 2259 2031 2291 lm-

1273 2317 1444 2356 peratores
1472 2320 1513 2342 ex
1543 2320 1609 2342 una
1631 2316 1748 2355 parte,
1769 2308 1801 2341 &
1827 2309 1939 2342 Duces
1960 2309 2030 2342 Ve-

1272 2367 1430 2393 netorum
1459 2371 1501 2393 ex
1530 2359 1637 2393 altera
1655 2385 1663 2393 .
1704 2358 1810 2405 quue
1850 2371 1912 2393 nos
1941 2358 2029 2406 jam·

1270 2408 1330 2444 diu
1359 2418 1540 2444 monuerat
1572 2408 1725 2444 Andreas
1758 2408 1936 2444 Dandulus
1956 2437 1964 2449 ,
1992 2409 2027 2443 &

1271 2459 1342 2507 ipse
1383 2459 1493 2507 postea
1534 2461 1751 2495 Venetorum
1796 2462 1875 2494 Dux
1919 2461 2027 2495 Anno

1271 2512 1553 2546 MCCCXLHI.
1573 2511 1608 2544 in
1629 2510 1810 2545 Chronico
1832 2510 1912 2551 sum
1934 2510 2029 2558 quod

1270 2562 1289 2596 ὲ
1316 2573 1371 2596 me
1398 2560 1535 2597 editum
1571 2560 1675 2597 habes
1703 2563 1822 2597 Tomo
1851 2564 1930 2598 XII.
1960 2564 2026 2599 Re.

1897 2627 1975 2650 rum
