2195 3032
208 222 294 270 '169
511 208 1020 255 DISSERTATIO
1075 207 1377 251 TERTIA.
1612 224 1692 265 170

151 273 332 312 Trinitate
360 273 537 308 Deitatem
554 298 564 315 ,
592 267 846 304 coessentialem
871 270 904 303 &
923 274 966 311 gA
989 281 1070 302 num
1101 282 1160 316 per
1186 267 1306 304 omnia
1337 266 1432 303 Patri
1459 268 1492 302 8<
1521 267 1644 303 Filio?
1684 274 1751 303 Re-

151 319 898 365 consubstantialem,coaeternum&coom.
971 318 1114 364 lspondet
1155 319 1290 354 Credo.
1335 321 1581 365 Interrqgatur:
1623 320 1748 355 Credis

150 377 393 416 niootentem‚
421 370 587 417 uniusque
609 370 824 414 voluntatis,
847 384 902 418 po·
971 361 1078 440 ''hanc
1106 370 1266 405 Sanctam
1295 369 1514 405 Trinitatem
1533 397 1542 413 ,
1580 383 1650 405 non
1678 379 1749 406 tres

151 425 313 469 testatis,
356 425 390 458 δε
434 419 649 469 majestatis,
700 422 903 456 Creatorem
991 421 1105 463 Deos,
1143 419 1197 455 sed
1235 434 1342 456 unum
1381 423 1493 456 Deum
1523 421 1750 469 omnipoten-

152 476 312 514 omnium
353 481 616 516 creaturarum,
657 485 676 506 a
717 485 788 519 quo
829 485 901 506 om·
991 478 1088 514 tem,
1127 481 1327 513 aeternum,
1366 470 1602 515 invisibilem,
1630 472 1664 507 &
1694 472 1750 507 in-

152 529 233 570 nia,
261 527 295 560 &
322 523 358 559 in
386 536 455 570 quo
482 521 624 565 omnia,
652 535 739 569 quae
769 522 847 558 sunt
868 523 904 558 in
991 521 1303 557 commutabilem?
1325 523 1526 569 Respondet.-
1542 522 1676 558 Credo.
1694 524 1750 557 In-

152 579 260 614 Caelo
286 576 319 609 δε
347 573 383 608 in
411 575 543 617 Terra,
570 571 722 608 visibilia
749 574 782 607 &
812 573 900 608 invi.
990 582 1188 618 terrogatur:
1224 572 1347 607 Credis
1385 572 1546 608 Sanetam
1584 572 1750 609 Catholi-

151 624 288 663 fibilia?
327 624 526 670 Respondet:
561 623 745 668 Affentio,
782 625 816 658 8<
854 623 903 658 ita
990 634 1065 656 cam
1093 623 1126 656 &
1151 622 1388 670 Apostolicam
1417 636 1522 658 unam
1544 623 1607 659 effe
1630 635 1750 659 veram.

151 676 275 713 credo.
303 677 538 720 Interrogatur:
575 675 698 710 Credis
735 674 901 723 singulam
972 671 1203 717 jEcclefiam,
1240 672 1278 707 in
1315 685 1382 719 qua
1420 686 1527 707 unum
1556 674 1656 709 datur
1684 676 1752 709 Ba.

150 738 323 775 quamque
352 724 388 760 in
416 724 539 759 SanRa
567 724 749 760 Trinitate
788 725 905 760 Perso-
935 721 1144 776 B'ptisma‚
1190 723 1224 757 δε
1267 736 1347 757 vera
1388 721 1548 757 omniurn
1595 723 1751 759 remiffio

150 791 253 821 nam,
290 788 395 811 unum
428 777 539 811 Deum
577 788 697 811 verum
715 803 724 820 ‚
764 776 905 823 plenum
974 772 1233 824 3peccat0rum?
1263 773 1465 820 Respondet:
1485 772 1620 808 Credo.
1649 775 1753 808 Inter-

151 829 185 863 &
215 824 425 877 perfectum?
457 827 656 873 Respondet.-
683 826 799 861 Credo
815 853 822 860 .
853 828 901 860 In.
973 831 1142 870 'rogatum
1165 823 1458 859 Anathematizas
1478 824 1587 859 etiam
1606 836 1751 860 omnem

149 888 345 925 terrogatur:
381 876 505 911 Credis
532 876 644 923 ipsum
675 876 741 911 Dei
770 876 903 912 Filium
974 873 1153 923 [haerefim
1181 875 1413 909 extollentem
1436 874 1467 909 se
1484 874 1645 909 adversus
1667 876 1751 909 San-

151 929 306 964 Verbum
345 927 410 962 Dei
448 927 671 963 aeternaliter
707 937 829 962 natum
865 927 906 962 de
974 924 1084 959 'etam
1112 923 1300 959 Ecclefiam
1330 924 1579 960 Catholicam?
1610 924 1753 971 Respon-

152 981 253 1015 Patre
270 1006 280 1022 ,
308 977 633 1013 consubstantialem
652 1005 662 1022 ‚
700 977 904 1023 coomnioo-
974 998 975 1002 =
991 976 1069 1009 det:
1086 975 1384 1011 Anathematizo.
1414 977 1651 1021 Interrogatur:
1666 977 1754 1011 Cre-

151 1038 311 1070 tentem..
352 1029 385 1062 8<
423 1029 646 1075 coaequalem
689 1042 748 1075 per
785 1028 905 1064 omnia
993 1025 1045 1061 dis
1073 1026 1182 1061 etiam
1211 1039 1328 1061 veram
1358 1025 1645 1061 resurrestionem
1679 1040 1754 1062 car.

153 1079 247 1115 Patri
276 1078 487 1122 divinitate,
515 1079 758 1127 temporaliter
785 1089 904 1114 natum
973 1076 1045 1112 {nis
1073 1076 1223 1125 ejusdem
1241 1104 1251 1120 ‚
1289 1090 1394 1124 quam
1423 1090 1514 1112 nunc
1551 1076 1678 1125 gestas,
1715 1078 1753 1111 ὃς

151 1129 193 1164 de
221 1129 353 1176 Spiritu
381 1129 506 1164 Sant‘sto
542 1143 584 1165 ex
622 1130 739 1165 Maria
775 1129 907 1168 semper
990 1127 1114 1162 Vitam
1143 1127 1345 1163 aeternam?
1376 1127 1583 1174 Respondet.-
1610 1127 1754 1163 Credo.

153 1179 301 1228 Virgine
329 1193 407 1215 cum
445 1180 562 1216 anima
596 1180 786 1225 rationali,
822 1180 906 1217 duas
930 1200 961 1234 C
991 1180 1228 1224 Interrogatur:
1255 1178 1379 1215 Credis
1400 1178 1508 1214 etiam
1530 1177 1670 1213 novi&
1693 1190 1753 1213 ve-

151 1229 337 1265 habentem
373 1230 602 1275 nativitates,
639 1245 744 1267 unam
772 1245 815 1267 ex
845 1234 905 1267 Pa·
992 1228 1076 1265 teris
1113 1228 1332 1265 Testamenti
1352 1257 1361 1272 ‚
1398 1229 1506 1276 Legis
1533 1230 1568 1264 8<
1598 1228 1753 1277 Prophe-

151 1289 204 1316 tre
232 1289 405 1316 aeternam
419 1309 428 1325 ,
451 1283 594 1318 alteram
616 1296 659 1318 ex
681 1283 797 1318 Maria
817 1291 908 1318 tem·
974 1289 1105 1325 ,tarum
1134 1281 1168 1315 3<
1190 1280 1440 1327 Apostolorum
1462 1293 1569 1315 unum
1590 1279 1655 1314 effe
1676 1281 1754 1314 Au-

151 1332 334 1379 poralem‚
372 1333 486 1367 Deum
524 1346 672 1377 verum,
708 1335 741 1368 8<
780 1333 906 1368 Homi-
975 1330 1127 1368 >&orem
1156 1333 1293 1374 Deum,
1331 1332 1364 1365 ὃ(
1404 1331 1598 1365 Dominum
1636 1328 1754 1364 omni-

152 1394 233 1416 nem
271 1394 418 1425 verum,
461 1383 640 1430 proprium
682 1382 719 1417 in
763 1393 907 1430 utraque
975 1380 1194 1428 :potentem?
1225 1381 1431 1427 Respondet:
1462 1380 1601 1416 Credo.
1629 1382 1677 1414 Et
1703 1379 1755 1413 ai.

153 1440 276 1467 natura
303 1440 407 1478 atque
435 1431 646 1480 perfectum,
675 1446 744 1467 non
773 1432 907 1480 adopti.
976 1441 1081 1466 matur
1107 1431 1155 1465 ei:
1187 1432 1284 1465 Haec
1314 1431 1414 1466 Fides
1443 1440 1608 1479 augeatur
1635 1432 1653 1464 a
1680 1432 1755 1464 Do-

152 1494 237 1516 vum
255 1508 265 1525 ,
303 1494 413 1527 neque
451 1482 701 1529 phantasticum
719 1510 729 1526 ‚
767 1483 908 1519 unicum
996 1480 1094 1516 mino
1123 1480 1163 1516 ad
1189 1494 1306 1516 veram
1332 1482 1366 1515 8<
1392 1490 1567 1517 aeternam
1596 1481 1756 1516 Beatitu-

152 1532 188 1566 δε
216 1544 323 1567 unum
355 1534 488 1576 Deum,
518 1533 649 1568 Filium
677 1533 743 1568 Dei
770 1533 807 1568 in
828 1533 907 1569 dua-
975 1531 1111 1595 ¹dinem
1131 1559 1141 1574 ‚
1179 1530 1402 1566 dileetiffime
1438 1531 1475 1566 in
1504 1530 1642 1566 Christo
1670 1529 1754 1566 fili.

154 1582 216 1617 bus
253 1582 406 1626 naturis,
444 1582 498 1618 sed
535 1583 571 1617 in
609 1583 710 1618 unius
748 1583 908 1631 personae
975 1584 1040 1647 {Et
1068 1582 1249 1627 respondent
1275 1594 1405 1614 omnes:
1432 1583 1574 1616 Arnen.

152 1631 391 1679 singularitate
428 1632 674 1679 impaffibilem
702 1634 736 1667 δε
765 1633 908 1668 immor·
934 1651 965 1684 D
1043 1635 1132 1664 Tunc
1157 1631 1254 1664 vadit
1282 1631 1438 1665 Dominus
1463 1635 1556 1678 Papa
1581 1632 1625 1666 ad
1651 1634 1761 1667 scere-1

152 1682 259 1716 talem
287 1681 504 1726 divinitate,
541 1682 596 1718 sed
624 1682 661 1718 in
688 1683 908 1719 humanitate
976 1681 1130 1725 tarium,
1168 1681 1211 1714 (Ὺ
1238 1681 1346 1715 induit
1373 1681 1407 1725 se
1434 1681 1676 1726 Pontificalibus
1704 1684 1755 1716 in-

153 1745 217 1780 pro
244 1731 344 1766 nobis
362 1759 371 1776 ‚
399 1733 433 1768 δε
463 1746 523 1781 pro
551 1733 663 1769 nostra
691 1732 800 1769 salute
837 1734 905 1780 pas.
991 1733 1150 1766 dumentis
1177 1731 1270 1778 nsque
1296 1733 1340 1767 ad
1366 1733 1604 1776 Dalmaticum,
1641 1733 1754 1780 quibus

156 1782 230 1818 sum
267 1783 348 1817 vera
383 1784 495 1818 carnis
529 1783 701 1832 paffione,
737 1786 771 1819 δε
800 1783 910 1833 sepul·
993 1783 1124 1816 indutus
1144 1782 1255 1827 sedet.
1298 1784 1429 1818 Interim
1470 1784 1640 1830 Episcopus
1675 1787 1754 1818 Por-

156 1842 256 1877 tum,
294 1846 332 1867 ac
360 1833 593 1883 resurgentem
621 1836 639 1870 ὲ
669 1835 816 1871 mortuis
854 1836 910 1871 die
992 1832 1107 1873 mensis
1147 1833 1180 1867 in
1221 1834 1321 1867 medio
1361 1844 1444 1868 rotae
1489 1835 1653 1868 medianae
1696 1836 1755 1869 dat

156 1883 262 1918 tertia
290 1884 371 1918 vera
397 1885 509 1920 carnis
538 1885 815 1934 i·esurre&tione;
853 1886 908 1922 die
996 1885 1076 1919 hanc
1109 1885 1289 1919 Orationem
1321 1884 1416 1931 fitper
1451 1884 1621 1918 Eleelum:
1658 1887 1754 1920 Deus

157 1933 417 1983 quadragefimo
438 1936 510 1984 post
530 1935 814 1972 resurreEtionem
832 1950 909 1972 cum
996 1934 1241 1970 inenarrabilis
1279 1935 1417 1970 AuEtor
1455 1934 1582 1970 Mundi
1609 1936 1676 1970 &c.
1705 1934 1757 1975 fi-

156 1997 284 2028 carne,
321 1999 389 2033 qua
425 1986 638 2031 resurrexit,
674 1988 708 2022 8(
737 1987 853 2023 anima
881 2002 909 2023 a.
995 1996 1045 2020 cut
1073 1986 1105 2019 in
1133 1985 1276 2020 melione
1304 1987 1427 2033 Regis.
1465 1986 1581 2020 Finita
1607 1985 1755 2020 Oratione

155 2034 318 2071 scendiffe
346 2037 383 2071 in
411 2038 582 2081 Caelum,
609 2039 643 2073 &
665 2037 777 2074 sedere
797 2038 837 2074 ad
859 2038 908 2074 de.
995 2036 1091 2071 vadit
1118 2035 1248 2070 Ειεὲἶιιε
1274 2039 1317 2071 ad
1342 2037 1477 2071 Chorum
1502 2035 1615 2071 sanfli
1639 2039 1756 2082 Grego-

155 2094 291 2121 xteram
331 2086 397 2122 Dei
436 2089 579 2133 Patris,
621 2089 712 2124 unde
748 2099 913 2125 venturus
936 2087 1036 2144 E,rii
1071 2101 1137 2121 cum
1169 2087 1329 2134 praediHo
1369 2087 1593 2122 Cardinalium
1633 2087 1757 2121 ,Archi-

157 2135 202 2172 est
229 2136 381 2184 judicare
409 2138 510 2174 vivos
530 2140 564 2174 &
586 2149 743 2175 mortuos
756 2168 765 2183 ‚
785 2141 819 2175 8(
840 2142 909 2176 red.
995 2140 1192 2186 presbytero,
1213 2139 1256 2172 (9⁶
1276 2140 1534 2174 Archi-diacono:
1551 2138 1663 2184 quibus
1677 2150 1756 2184 qtta-

157 2186 236 2222 dere
265 2187 454 2235 unicuique
482 2190 666 2226 secundum
696 2204 800 2239 opera
828 2190 884 2227 sua
902 2220 910 2235 ‚
989 2189 1022 2230 fi
1048 2189 1205 2236 magistris
1233 2190 1282 2223 uti
1307 2190 1396 2224 debet
1423 2189 1456 2223 in
1483 2198 1545 2222 toto
1571 2187 1670 2232 officio
1696 2201 1757 2222 una

158 2235 227 2278 sive
264 2237 353 2274 bona
392 2238 547 2285 fuerint,
585 2241 654 2277 five
692 2241 808 2278 mala?
849 2246 899 2277 Re
997 2239 1127 2274 Sionis.
1148 2242 1194 2274 Et
1216 2241 1354 2274 induunt
1373 2253 1440 2273 eum
1455 2238 1757 2282 Amictu,&Al.'

152 2287 308 2334 spondet:
335 2290 518 2337 Affentio,
546 2294 579 2327 8(
607 2306 667 2340 per
693 2293 813 2328 omnia
842 2306 908 2328 cre.
997 2292 1059 2333 ba,
1089 2291 1132 2324 ἴθ’
1160 2291 1317 2337 Cingulo.
1355 2293 1403 2325 Et
1430 2289 1477 2331 fic
1502 2291 1659 2324 deducunt
1687 2302 1756 2324 eum

159 2337 227 2372 do.
256 2341 486 2388 Interrogatur:
516 2343 640 2379 Credis
668 2343 775 2379 etiam
804 2344 909 2388 Spiri-
1003 2342 1047 2377 ad
1086 2341 1256 2375 Dominum
1297 2345 1420 2387 Papam
1455 2340 1489 2375 in
1524 2340 1756 2377 &aerarium

159 2396 237 2424 tum
262 2390 445 2437 Sanfflum,
474 2395 614 2442 plenum
641 2396 673 2429 δε
701 2394 914 2443 perficium,
1003 2392 1110 2438 Ibique
1128 2392 1230 2435 saciat
1254 2406 1321 2426 eum
1345 2391 1519 2426 Clericum.
1547 2394 1594 2425 Et
1620 2390 1757 2425 concedit

159 2450 350 2487 verumque
388 2446 500 2480 Deum
537 2459 579 2481 ex
619 2447 719 2481 Patre
746 2447 780 2481 &
819 2446 914 2481 Filio
997 2443 1026 2476 ei
1040 2443 1194 2477 Tunicam
1213 2443 1256 2476 ἔθ’
1276 2442 1490 2477 Dalmaticam
1510 2442 1553 2476 (9¹
1576 2442 1759 2476 pluvialem

162 2490 429 2546 procedentem,
457 2499 679 2545 coaequalem
707 2498 741 2532 &
770 2497 915 2532 coeffen-
998 2495 1040 2529 (ῥ’
1060 2494 1240 2538 Mithram,
1268 2494 1402 2541 caligas
1422 2494 1465 2527 (Ὺ
1481 2493 1662 2536 sandalia,
1688 2492 1760 2539 qui-

162 2540 287 2577 nalem
312 2542 347 2578 &
368 2546 691 2596 coomnipotentem
710 2549 745 2585 &
767 2556 916 2586 coaeter·
995 2547 1053 2582 bus
1067 2555 1176 2581 utatur
1191 2545 1224 2581 in
1245 2547 1367 2581 Corona
1385 2544 1467 2591 fita.
1495 2547 1544 2581 Et
1560 2543 1607 2588 fic
1627 2544 1758 2579 indutus

1642 2593 1711 2635 stat
