2195 3032
199 189 251 217 21

489 164 1047 210 DISSERTATIO
1101 165 1386 210 PRIMA.

1623 184 1676 213 22

137 234 217 270 mihi
243 232 366 266 reddere
398 227 560 263 diveatis.
602 230 649 261 Et
668 226 701 268 st
727 240 784 261 vos
818 226 955 261 mihi³A
980 238 1123 260 xonorum
1152 227 1390 270 Ultramars'no,
1429 235 1494 261 tam
1522 225 1554 260 in
1583 226 1650 274 ipfa
1677 231 1740 264 Ec.

139 284 203 331 ipso
230 279 438 322 Monasterio,
459 277 542 319 ficut
562 277 661 324 supra
687 278 826 325 legitur,
854 278 896 311 (9⁶

128 335 205 382 'ipse
241 331 353 368 cartule
389 342 446 362 non
484 328 707 373 reddederitis,
744 338 780 362 ut
806 328 895 362 vobis

142 399 194 431 ego
221 382 278 430 ipsi
295 379 503 425 septinientos
535 379 659 413 solidos
686 379 809 414 reddere
836 392 893 412 non

139 437 271 472 diveas.
302 430 460 464 Similiter
486 429 529 464 &⁶
546 429 580 471 fi
605 430 784 477 quicumque
809 431 894 464 homo

138 483 227 519 vobis
252 481 285 515 in
313 480 376 526 ipso
403 482 594 523 Monasterio
621 481 665 514 &⁰
690 481 799 526 casas,
840 480 895 513 vel

137 534 224 569 rebus
260 531 304 564 (9⁶
329 531 505 566 hominibus
541 532 574 565 in
601 532 746 578 qualivet
776 531 891 576 portio-

135 596 204 618 nem
231 582 359 615 introire
381 582 518 628 potuerit
545 581 712 627 (excepto,
740 590 775 614 ut
794 580 893 627 fiapra

134 633 206 669 dei
230 633 274 667 da
294 632 448 680 publico)
478 632 520 665 (9¹
545 644 601 665 vos
620 631 698 664 mihi
724 631 829 670 omnia
849 644 893 665 re-

967 277 1068 316 1clesia
1094 277 1206 311 Sanc—li
1241 278 1415 319 Dalman,
1452 290 1602 323 quamque
1636 285 1678 312 (9‘
1705 280 1739 314 in

966 304 1081 369 lcafis,
1119 328 1173 361 ubi
1200 327 1261 373 ipsi
1285 327 1473 371 Rachtfredi
1501 329 1639 363 Clericus
1664 330 1739 364 avi.

979 377 1067 411 tavit
1087 378 1153 411 Ε’ἳέ.
1182 377 1306 414 Eidem
1327 382 1410 414 vero
1431 377 1634 415 facultatem
1656 393 1739 415 con-

981 426 1074 462 cedit
1110 427 1278 476 regendi,
1317 428 1531 477 gubernandi
1569 443 1607 465 ac
1643 430 1740 466 ordi-

979 477 1085 513 nandi
1112 477 1298 513 secundum
1338 481 1450 515 Deum
1478 480 1666 515 Ecclefiam
1694 481 1741 516 il-

978 528 1072 569 lam,
1101 529 1143 562 (9⁴
1161 532 1355 562 Sacerdotem
1375 530 1488 564 ibidem
1515 531 1656 574 avendi,
1683 531 1741 575 Os-

969 577 1083 622 ficium
1118 579 1233 612 ibidem
1264 578 1468 623 faciendum,
1505 581 1549 614 (9¹
1583 585 1742 628 Pauperes

963 622 1188 675 ’pascendum‚
1218 628 1388 673 secundum
1423 631 1559 676 qualiter
1581 642 1638 677 pro
1675 631 1740 678 ipso

133 683 313 726 anderius,
342 682 427 724 sicut
446 683 544 729 supra
568 681 659 724 dixi,
696 691 732 715 ut
758 695 812 727 ego
836 695 891 716 vo·
925 684 953 718 B
975 680 1046 712 dote
1085 680 1282 721 constitutum
1318 679 1359 722 est
1400 679 1467 714 &a
1508 681 1592 725 Quo
1630 681 1739 717 etiam

134 735 184 769 bis
216 734 340 768 reddere
373 734 487 768 diveas
513 731 721 778 septinientos
755 732 893 767 Solidos

136 783 275 821 Lucani
302 784 335 818 &
364 783 504 818 Pisani.
541 785 627 817 Nam
653 783 697 816 da
719 792 811 829 parte
835 794 890 829 pu.

133 835 217 871 blica
250 835 291 869 ab
326 834 409 868 omni
443 833 596 867 calomnia
632 832 676 866 &⁴
709 833 890 880 compositio-

135 899 204 919 nem
239 884 391 928 absolutos
416 882 472 928 effi?
505 883 646 928 diveas,
682 884 758 931 quia
784 884 894 919 taliter

134 935 217 969 inter
242 948 295 969 nos
321 934 486 970 conviner-

184 988 233 1020 Et
260 986 338 1020 hanc
373 998 439 1018 mea
471 984 626 1031 promiffio
662 997 715 1032 ego
750 984 892 1034 Magni-

137 1035 244 1085 prand
272 1034 431 1070 Clericus
452 1035 587 1082 scripsi.

184 1085 308 1121 AHum
334 1087 443 1120 Lucci.

182 1136 316 1182 Signum
343 1149 453 1170 manus
480 1136 612 1185 Angeli
639 1138 706 1172 &c.

183 1189 253 1233 Ego
272 1187 549 1235 Magniprandus
567 1187 727 1224 Clericus
745 1187 812 1236 post
826 1198 888 1224 tra-

133 1237 204 1272 dita
229 1238 382 1284 complevi
407 1238 450 1271 (9⁴
475 1239 574 1273 dedi.

184 1286 293 1322 Vides
320 1287 397 1322 heic
414 1316 424 1330 ‚
456 1297 586 1334 quanta
613 1289 787 1335 elegantia
815 1292 890 1325 Sae-

133 1338 214 1372 culo
241 1339 354 1372 Aerae
381 1337 597 1373 Christianae
625 1340 765 1373 Οδὶενο
792 1339 890 1374 Lati-

133 1400 198 1422 nae
234 1386 374 1434 Lingue
409 1385 500 1421 foret
536 1386 573 1420 in
609 1387 763 1422 Tuscia.
803 1390 892 1424 Ecce

133 1438 177 1471 da
200 1446 291 1483 parte
307 1436 455 1482 publica,
484 1436 621 1484 aliaque
650 1436 793 1485 vestigia
817 1440 887 1473 vul-

133 1486 226 1535 garis
253 1486 326 1533 ejus
354 1486 538 1521 Idiomatis
557 1514 566 1529 ‚
604 1500 675 1533 quo
701 1499 793 1522 nunc
822 1488 887 1523 uti-

132 1549 236 1572 mur.
273 1536 365 1572 Heic
393 1545 508 1571 autem
545 1544 761 1571 memoratur
796 1549 886 1585 prae-

976 730 1139 778 exemplo
1167 729 1333 765 discimus
1350 757 1359 773 ‚
1390 730 1529 765 nullum
1557 729 1627 766 fere
1655 733 1739 767 Mo-

975 780 1159 816 nasterium
1184 780 1412 816 constitutum
1432 780 1521 815 olim
1549 779 1670 824 fuiffe,
1698 782 1736 817 in

975 843 1045 878 quo
1073 830 1131 866 sua
1159 830 1371 879 Pauperibus
1399 831 1518 879 portio
1542 830 1637 866 dotis
1664 844 1736 867 non

975 880 1222 929 affignaretur.
1256 883 1308 917 At
1336 881 1417 929 quei
1445 881 1483 916 in
1513 882 1608 917 Urbe
1636 883 1736 918 Luca

975 940 1058 966 tunc
1075 933 1262 966 Adeltruda
1281 931 1363 977 filia
1382 932 1583 967 Adelwala'i
1605 933 1736 979 ffizglo.

966 982 1120 1027 saxonum
1147 983 1276 1029 Regis?
1300 983 1384 1018 Fuit
1412 993 1527 1018 autem
1550 982 1736 1018 Adelwal·

972 1032 1055 1076 dus,
1077 1032 1138 1080 qui
1159 1034 1193 1068 δε
1215 1033 1472 1077 Athelbaldus‚
1502 1033 1734 1078 Edilbaldus,

971 1085 1004 1119 8(
1020 1083 1249 1119 Ethelbaldus
1262 1112 1271 1127 ,
1288 1085 1432 1120 Saeculo
1448 1084 1579 1120 Christi
1595 1083 1736 1120 Οᾶενο

974 1137 1047 1170 Rex
1064 1134 1282 1170 Merciorum
1296 1163 1305 1178 ,
1326 1134 1393 1170 five
1410 1137 1587 1171 Saxonum
1608 1135 1736 1170 Orien-

971 1186 1098 1221 talium
1126 1185 1164 1221 in
1186 1185 1390 1229 Britannia,
1421 1186 1586 1234 Princeps
1612 1195 1736 1234 poten-

972 1235 1120 1272 tiffimus
1137 1264 1148 1280 ,
1199 1236 1261 1284 qui
1305 1236 1429 1272 multis
1474 1236 1577 1272 vitiis
1621 1236 1735 1271 multa

971 1286 1079 1322 etiam
1117 1287 1261 1335 pietatis
1288 1287 1364 1322 acia
1402 1287 1614 1334 conjunxit.
1650 1288 1735 1322 San·

959 1336 1020 1370 &i
1048 1336 1218 1370 Guthlaci
1246 1336 1369 1371 Vitam
1405 1337 1506 1371 Felix
1534 1335 1734 1372 Monachus

971 1385 1089 1420 San<5³ti
1118 1385 1229 1420 Bedae
1250 1386 1515 1435 congregationi
1542 1386 1732 1434 adscriptus

973 1435 1107 1470 dicavit
1142 1436 1356 1470 Athelwaldo
1397 1437 1483 1482 Regi
1522 1437 1733 1471 Orientalium

969 1485 1177 1530 Anglorum.
1213 1487 1319 1520 Hunc
1356 1485 1509 1520 eximiae
1536 1484 1734 1522 sanfflitatis

970 1533 1086 1568 virum
1124 1533 1306 1571 viventem
1346 1535 1606 1580 Adelwaldus,
1644 1549 1734 1572 non.

132 1585 253 1621 cedens
291 1584 449 1629 Charta,
491 1585 532 1620 ad
569 1585 726 1621 eamdem
768 1587 884 1623 vendi.
913 1589 946 1622 D
969 1583 1054 1619 dum
1093 1586 1196 1628 Rex,
1241 1584 1495 1621 consolatorem
1537 1586 1732 1632 habuerat,

128 1635 266 1671 tionem
293 1635 498 1671 Monasterii
526 1649 565 1671 ac
592 1638 779 1672 Servorum
807 1640 885 1673 San·

129 1685 179 1722 δἐἰ
208 1685 380 1722 Dalmatii
397 1713 406 1730 ‚
435 1685 503 1721 five
530 1686 886 1737 oppignorationem3

128 1745 214 1772 tunc
254 1736 348 1771 enim
395 1736 564 1784 ejusmodi
606 1737 806 1774 contraRus
850 1739 886 1774 in

129 1786 218 1831 usu,
256 1787 291 1822 &
328 1786 525 1835 frequentes
559 1796 683 1823 erant.
725 1789 815 1837 Legi
853 1790 884 1824 8<

128 1836 218 1872 hanc
245 1838 390 1872 alteram
427 1837 622 1883 Chartam,
660 1838 720 1874 ubi
747 1839 884 1875 eaedem

127 1897 232 1923 notae
260 1886 543 1936 Chronologicae
580 1888 662 1924 anni
690 1903 729 1925 ac
765 1890 886 1926 mensis

126 1936 195 1973 sese
221 1937 435 1973 offerebant.
464 1941 518 1973 Ita
546 1952 629 1974 vero
657 1938 690 1974 se
717 1939 883 1976 habebat.

125 1987 318 2030 Manifestus
337 1988 409 2033 sum
436 2001 489 2035 ego
515 1990 758 2036 Magniprando
784 1991 883 2025 Cleri-

125 2051 176 2073 cus
194 2037 270 2083 filio
296 2044 451 2084 quondam
478 2040 706 2086 Magniperti‚
733 2041 809 2088 quia
831 2053 887 2088 per
909 2047 935 2079 E

125 2089 314 2123 Chartulam
349 2089 551 2133 confirmavit
585 2091 618 2124 in
647 2104 695 2125 me
729 2093 884 2138 quondam

124 2138 318 2182 Rachtfredo
343 2139 482 2175 Clericus
499 2139 560 2184 fili
586 2142 741 2188 quondam
766 2143 880 2176 Fridu-

125 2189 152 2223 li
178 2189 370 2232 Monaflerio
405 2191 543 2232 Ecclesia
568 2191 683 2225 sanfli
707 2193 901 2237 Dalmati‚'

125 2240 180 2286 qui
212 2240 233 2273 a
268 2242 343 2275 bone
383 2241 524 2275 memorie
567 2242 702 2276 Fridulo
737 2243 883 2277 Genitore

121 2289 176 2334 jus
197 2291 370 2334 fundatum
395 2291 437 2331 est
463 2291 547 2336 infra
565 2293 644 2328 hanc
670 2296 801 2328 Lucana
826 2294 878 2328 Ci-

126 2339 250 2384 vitate,
278 2343 332 2376 ubi
357 2356 546 2378 cummanere
570 2343 635 2384 visi
654 2344 788 2388 suerunt
814 2344 880 2378 (Tc.

126 2388 262 2425 Deinde
297 2391 436 2429 subdit:
476 2393 667 2436 Constituere
694 2395 738 2428 Θ
772 2393 878 2439 confir-

126 2452 210 2473 mare
230 2440 339 2474 videor
356 2453 384 2477 te
409 2445 596 2478 Adeltruda
615 2447 642 2479 S
641 2457 703 2479 axa
722 2445 789 2479 Dei
803 2448 876 2479 An-

124 2489 200 2531 cilla
217 2489 299 2535 filia
319 2493 536 2539 Adelwaldi,
563 2494 618 2543 qui
633 2494 704 2541 suit
729 2499 802 2531 Rex
818 2498 875 2531 Sa·

969 1634 1733 1733 ῗέἓέἶῗῗῖἳῖἶΫῗεξῖῗςῖῗιῖῗέἶῗᾱῗῖῑῗ,”οζἔ

970 1735 1090 1771 ειιιᾶὶοι·
1118 1735 1164 1770 est
1190 1737 1381 1785 Ingulphus
1410 1738 1446 1773 in
1475 1738 1630 1774 Historia
1658 1739 1732 1788 eju-

970 1785 1061 1821 sdem
1088 1786 1318 1831 Monasterii,
1346 1788 1405 1823 ubi
1430 1790 1464 1823 3<
1495 1789 1730 1838 Privilegium

969 1837 1163 1872 concessum
1201 1838 1243 1872 ab
1269 1837 1345 1882 ipso
1372 1838 1541 1874 exhibet.
1578 1840 1732 1888 Legitur

968 1887 1078 1923 adhuc
1106 1888 1178 1936 ejus
1215 1887 1367 1935 Epistola
1396 1889 1437 1924 ad
1465 1889 1629 1925 SanRum
1662 1891 1730 1925 Bo-

969 1937 1138 1973 nifacium
1180 1938 1495 1986 Archiepiscopum
1541 1940 1730 1988 Mogunti-

967 2001 1050 2023 num
1068 2016 1079 2031 ,
1123 2002 1210 2036 quae
1255 1989 1351 2025 inter
1394 1990 1638 2026 Bonifacianas
1683 1990 1730 2026 est

967 2041 1134 2075 LXXVI.
1170 2041 1203 2074 8<
1241 2040 1389 2075 refertur
1423 2040 1530 2075 etiam
1568 2042 1587 2075 a
1623 2042 1728 2076 Guil-

967 2089 1090 2125 lielmo
1110 2090 1422 2126 Malmesburiense
1449 2091 1532 2126 Lib.
1553 2093 1568 2126 I
1593 2091 1727 2128 Histor.

969 2141 1073 2175 Illum
1101 2139 1178 2175 sane
1216 2151 1416 2188 peccantem
1445 2140 1538 2176 idem
1581 2142 1727 2178 Sanetus

970 2190 1262 2237 Archieoiscopus
1297 2194 1405 2227 Anno
1439 2193 1654 2229 DCCXLV.
1685 2201 1727 2229 ut

966 2240 1005 2275 ad
1034 2241 1218 2277 meliorem
1245 2242 1379 2290 frugem
1399 2241 1575 2278 reduceret
1593 2272 1601 2286 ‚
1630 2243 1726 2279 nihil

965 2290 1080 2326 omifit
1098 2320 1109 2336 ,
1146 2292 1199 2328 uti
1227 2292 1272 2327 est
1297 2292 1386 2341 apud
1424 2293 1612 2329 Baronium
1631 2321 1641 2336 ‚
1669 2307 1726 2330 ce-

966 2342 1095 2377 lebrata
1122 2343 1164 2378 ad
1198 2342 1264 2377 hoc
1292 2343 1474 2392 praecipue
1511 2344 1653 2390 Synodo
1683 2344 1724 2380 in.

963 2393 1174 2428 Germania.
1219 2393 1393 2436 johannes
1437 2395 1634 2438 Brompton
1682 2395 1722 2430 in

963 2442 1094 2479 Chron.
1141 2445 1225 2493 Reg.
1271 2443 1440 2480 Mercior.
1483 2446 1582 2480 varia
1622 2446 1723 2481 illius

961 2492 1036 2530 αξῒα
1064 2493 1192 2530 refert.
1220 2496 1352 2531 Verum
1378 2498 1487 2532 Anno
1515 2497 1720 2533 DCCLVI.

1030 2545 1062 2583 B
1114 2557 1136 2583 2.
1600 2546 1668 2581 five
