2195 3032
462 227 544 276 613

711 216 1145 274 ANTIQUIT.
1207 216 1454 260 MEDII
1510 217 1702 260 AEVI

1870 225 1957 262 616

450 278 609 320 Arnostus
638 276 788 310 Notarius
813 277 857 309 ad
882 276 983 310 vicem
1008 277 1159 313 Lizctuar·
1191 278 1223 313 A
1256 277 1337 320 xia,
1366 277 1533 325 appellari
1572 277 1631 315 sita
1669 276 1706 312 in
1743 277 1903 312 Comitum
1939 276 2015 312 Bri.

401 329 439 362 di
466 326 750 363 Archiamsellmii
779 339 961 373 recogitem.

449 382 540 414 Data
575 380 628 411 VI.
657 378 733 411 Idus
758 379 942 421 januarii,
970 382 1071 413 ιᾸηηο
1107 381 1160 414 In-

399 428 590 463 carnationis
627 427 745 462 Domin
781 430 1040 464 DCCCLXXX.
1073 430 1156 464 Indi-

398 480 495 512 fft'one
532 480 625 513 XIII.
653 482 754 513 Anno
789 492 863 513 vero
891 480 999 525 Regni
1031 481 1163 527 piiffimi

400 529 514 568 Karoli
542 529 643 576 Regis
670 529 702 563 in
731 530 831 564 Italia
855 531 975 576 primo.

448 579 571 614 „dcium
610 580 709 625 Papie
746 580 779 614 in
810 581 940 615 Palatio
976 582 1099 629 Regis,
1129 582 1161 616 in

399 631 464 666 ,Dei
491 630 612 664 nomine
633 630 788 674 feliciter.
815 635 943 667 odmen.

451 683 583 716 Datum
613 680 725 729 scripsi
759 682 926 729 Diploma
955 685 1063 718 Anno
1095 683 1162 719 Ch.

399 733 704 768 DCCCLXXIX.
726 746 940 781 quamquam
968 734 1044 769 heic
1070 735 1154 782 lega·

400 794 456 817 tur
493 782 723 829 subsequens.
771 786 824 818 Eo
860 785 990 832 quippe
1029 786 1163 828 Anno,

399 833 454 868 die
493 835 547 868 VI.
575 835 651 867 Idus
669 835 831 878 januarii
857 835 1059 870 decurrebat
1087 839 1161 871 An-

399 896 457 917 nus
496 884 620 918 Primus
658 885 771 933 Regni
806 886 928 921 Caroli
966 884 1099 928 Craffi,
1127 888 1161 922 &

399 934 536 969 Indiflio
564 937 656 970 XIII.
689 935 726 970 in
768 935 865 972 cursu
903 937 967 973 effe
1004 948 1164 984 coeperat

399 984 594 1031 Septembri
623 986 757 1021 mense.
793 988 919 1022 Annus
957 997 1073 1023 autem
1102 1001 1159 1022 no-

397 1049 463 1070 vus
504 1035 688 1071 exordium
728 1035 846 1072 sumslt
883 1037 920 1073 in
959 1038 1163 1074 Nativitate

398 1086 574 1122 Domini.
618 1089 739 1131 Quum
779 1101 861 1122 vero
899 1088 997 1136 supra
1033 1089 1158 1124 videri-

398 1149 498 1178 mus,
527 1138 725 1170 Boaeradum
753 1137 856 1185 egiffe
885 1139 1037 1173 Comitem
1063 1141 1156 1174 Pala-

397 1187 439 1220 iii
466 1187 575 1221 Anno
612 1186 680 1223 Ch.
710 1189 1016 1225 DCCCLXXVI.
1043 1191 1077 1225 &
1106 1203 1160 1226 eo·

398 1237 477 1273 dem
506 1249 649 1273 munere
676 1236 816 1274 fumstus
844 1239 944 1274 nobis
972 1241 1163 1276 occurrerit

398 1288 507 1324 ctiam
550 1289 659 1323 Anno
704 1290 989 1325 DCCCLXXX.
1033 1291 1160 1327 mirum

400 1338 585 1382 videatur,
613 1338 695 1386 quei
723 1341 890 1374 Pertoldus
926 1340 1004 1376 heic
1032 1354 1164 1376 memo-

396 1398 493 1425 ratus
522 1389 734 1425 intermedio
763 1391 830 1425 illo
857 1399 1015 1439 tempore
1038 1392 1166 1426 Palatii

398 1444 507 1475 Comes
534 1441 567 1475 ὃ(
596 1439 668 1489 ipse
696 1439 822 1477 fuerit.
860 1443 1086 1477 Alterutrum
1114 1455 1164 1478 er-

399 1504 446 1540 go
468 1490 633 1539 suspicari
654 1491 834 1540 cogimur.
856 1492 1001 1528 Scilicet
1027 1501 1087 1528 aut
1107 1506 1158 1541 ge-

397 1541 516 1577 minos
555 1541 685 1578 Palatii
722 1542 884 1579 Comites
914 1552 997 1579 tunc
1034 1543 1164 1579 eleetos

397 1591 520 1637 fuisse,
548 1602 608 1629 aut
644 1593 682 1628 in
710 1593 844 1629 Charta
881 1594 1031 1630 minime
1066 1604 1160 1630 auto·

398 1643 529 1692 grapha
559 1643 718 1691 Regienfi
746 1653 948 1692 corruptum
977 1644 1075 1680 fuisse
1103 1658 1163 1680 no-

399 1706 482 1729 men
511 1694 628 1736 illud,
657 1706 695 1728 ac
722 1693 971 1729 restituendum
1009 1695 1072 1730 effe
1103 1709 1165 1742 pro

402 1744 570 1781 pertoldus
606 1745 797 1779 Bodradus.
834 1744 893 1779 Ad
924 1744 1007 1780 haec
1036 1744 1162 1781 insalu-

400 1803 513 1830 tatam
536 1793 706 1829 tranfilire
731 1796 815 1829 nolo
835 1808 908 1830 rem
934 1794 1162 1844 singularem,

402 1858 490 1893 quae
526 1844 564 1880 in
601 1844 667 1879 hoc
706 1854 938 1881 monumento
975 1845 1162 1891 innuitur,

402 1894 594 1939 videlicet,
623 1894 775 1931 Insulam
812 1896 984 1943 Suzariam
1014 1911 1164 1946 pronun-

401 1946 486 1982 tiari
515 1945 613 1982 sitam
642 1945 679 1981 in
704 1947 866 1981 Comitam
890 1947 1070 1989 Brixienfi.
1097 1950 1162 1984 Ca-

403 1997 540 2033 stellum
566 1997 632 2032 hoc
662 2010 753 2033 nunc
779 1997 830 2033 cis
855 1998 986 2033 Padum
1013 1995 1185 2059 cernitur]

403 2048 522 2084 subtus
549 2050 755 2097 Gonzagam
782 2049 815 2083 8<
845 2048 1066 2084 Lutiariam:
1098 2063 1166 2097 qua

400 2099 515 2147 igitur
541 2098 679 2135 ratione
707 2097 882 2147 spe&abat
909 2099 997 2135 olim
1026 2100 1067 2136 ad
1095 2102 1163 2136 Co·
1204 2096 1232 2130 Ε

403 2150 570 2185 miratum
598 2148 831 2185 Brixianum?
858 2151 898 2184 In
923 2151 1165 2197 Antiquitati-

404 2200 465 2236 bus
490 2199 680 2236 Estenfibus
710 2202 784 2236 Par.
813 2202 840 2235 I.
867 2202 954 2249 Cap.
981 2203 1063 2237 VII.
1088 2215 1166 2238 ean.

402 2249 482 2286 dem
525 2251 615 2287 mihi
658 2250 905 2287 difficultatem
943 2252 1138 2299 objeceram
1156 2280 1166 2294 ,

404 2314 512 2348 quum
534 2302 571 2337 in
591 2302 796 2350 Diplomate
812 2304 921 2338 Anno
937 2304 1167 2340 MLXXVII,

405 2364 466 2399 per
485 2353 680 2389 Henricum
703 2355 765 2388 IV.
782 2353 991 2389 Germaniae
1013 2357 1142 2402 Regem
1156 2383 1166 2399 ,

404 2410 511 2450 atque
549 2404 672 2439 ltaliae
687 2431 698 2448 ,
738 2404 959 2452 Principibus
997 2405 1166 2442 Atestinis

405 2453 585 2495 concesso,
605 2454 801 2491 invenerim
823 2456 967 2501 Casalem
986 2457 1167 2501 Maiorem,

407 2505 642 2546 Vitellianam,
669 2506 702 2538 ὃς
730 2508 988 2552 Pomponescum,
1017 2508 1164 2543 Castella

406 2565 492 2592 tunc
519 2554 721 2592 eorumdem
748 2556 935 2594 Estenfium
961 2558 1030 2608 juri
1057 2559 1182 2607 obito-y

1248 328 1316 368 sien
1333 341 1363 363 1.
1388 330 1450 363 Per
1475 329 1540 364 hoc
1568 328 1718 364 nostrum
1745 328 1847 363 alteri
1872 328 1928 364 illi
1952 328 2016 364 Di-

1257 379 1405 424 plomati
1443 380 1503 415 lux
1531 381 1564 414 &
1593 379 1676 415 fides
1714 379 1826 428 major
1857 378 2016 428 adjungi-

1256 438 1332 464 tur.
1356 429 1390 465 Si
1416 430 1510 464 enim
1531 432 1708 466 Comitatus
1732 430 1865 465 Brixiae
1885 430 1917 464 se
1938 443 2017 478 pro-

1257 480 1419 517 tendebat
1459 482 1628 526 Suzariam
1670 481 1800 528 usque,
1840 480 2016 516 ditionem

1258 531 1474 577 temporibus
1495 530 1616 566 nostris
1636 531 1888 580 Cispadanam:
1908 544 2018 579 quan-

1257 591 1293 615 to
1321 580 1460 616 facilius
1492 582 1680 629 comple&i
1709 582 1827 630 potuit
1856 582 1923 617 tria
1952 582 2017 617 illa

1257 631 1427 675 Castella,
1448 631 1570 667 nostris
1595 645 1664 667 non
1691 632 1806 668 minus
1831 645 1936 680 quam
1957 645 2018 667 an-

1258 681 1368 728 tiquis
1396 683 1613 731 temporibus
1650 685 1740 719 ultra
1769 683 1901 718 Padum
1931 681 2015 718 fita?

1259 733 1353 768 Hinc
1390 746 1472 782 ergo
1499 733 1598 769 fimul
1634 734 1831 775 discamus,
1862 747 1949 781 quae
1979 746 2018 768 o-

1257 784 1320 818 lim
1349 782 1440 819 foret
1468 785 1670 821 Comitatus
1700 784 1862 821 Brixiani
1891 784 2017 832 ampli·

1258 834 1365 878 tudo,
1392 835 1425 870 ὃ(
1455 844 1542 882 quot
1571 849 1684 871 rerum
1715 834 1929 871 mutationes
1957 834 2015 870 vel

1257 885 1294 920 in
1323 885 1395 933 ipsa
1423 885 1561 922 telluris
1589 885 1767 934 superficie
1796 895 1933 932 tempus
1963 885 2018 920 in-

1261 935 1417 980 vexerit,
1442 950 1550 984 quum
1577 938 1688 972 Padus
1713 936 1798 972 olim
1827 937 1877 971 ita
1898 935 2017 971 decur-

1258 996 1368 1031 reret,
1397 996 1436 1022 ut
1463 987 1668 1023 descendens
1705 986 1883 1023 Suzariam
1910 985 2019 1022 relin-

1257 1048 1377 1084 queret
1405 1037 1445 1072 ad
1476 1039 1636 1083 laevam,
1663 1051 1751 1085 quae
1788 1049 1878 1073 nunc
1915 1036 1956 1071 ad
1984 1050 2020 1072 e-

1257 1089 1308 1136 jus
1337 1088 1538 1132 dexteram,
1569 1090 1602 1123 8<
1631 1089 1773 1136 quidem
1806 1088 1847 1123 ab
1878 1100 1920 1122 eo
1947 1100 2019 1122 non

1258 1138 1435 1174 modicum
1463 1139 1611 1183 distans,
1639 1138 1813 1174 cernitur.
1850 1140 2018 1174 Ceterum

1258 1188 1346 1223 olim
1384 1190 1508 1234 Insulae
1544 1189 1688 1225 nomine
1725 1189 1754 1224 is
1794 1188 1902 1223 etiam
1939 1201 2020 1237 ager

1256 1239 1472 1282 donabatur,
1500 1252 1603 1286 quem
1632 1239 1700 1276 duo
1730 1238 1830 1274 fluvii
1870 1238 2020 1274 circurn-

1257 1288 1426 1337 fluerent;
1453 1289 1592 1324 Suzaria
1621 1299 1736 1324 autem
1766 1289 1816 1324 ibi
1840 1288 1900 1324 fita
1928 1289 2018 1325 dici-

1258 1349 1315 1375 tur
1343 1340 1422 1373 inter
1449 1343 1574 1374 Padum
1602 1340 1645 1372 (9⁶
1671 1342 1808 1374 Zaram.
1833 1339 2018 1386 Ughellius

1257 1390 1294 1425 in
1320 1391 1399 1426 Ital.
1425 1392 1515 1425 Sacr.
1540 1391 1648 1425 Tom.
1671 1399 1704 1435 ς.
1732 1402 1807 1438 pag.
1837 1389 1944 1434 1568.
1969 1391 2024 1425 al-

1259 1450 1372 1476 terum
1403 1440 1571 1488 Diploma
1598 1439 1725 1483 refert,
1753 1453 1824 1488 quo
1861 1440 2022 1476 Ludovi.

1260 1505 1318 1527 cus
1350 1492 1393 1526 Π.
1422 1493 1616 1539 Imperator
1654 1490 1818 1526 Roffredo
1845 1489 2021 1539 Episcopo

1261 1540 1416 1589 Regiensi
1445 1542 1600 1577 eamdem
1632 1540 1783 1577 Insulam
1812 1542 1845 1576 δι
1871 1543 2019 1577 Curtem

1259 1592 1407 1641 largitur
1443 1592 1498 1627 his
1539 1592 1682 1628 verbis:
1721 1605 1800 1639 qnae
1839 1592 2020 1627 nominatur

1257 1643 1396 1689 „suzaria
1433 1643 1466 1677 in
1503 1644 1664 1677 Comitum
1699 1642 1883 1683 Brixienfi.
1921 1644 2018 1679 Tum

1257 1693 1402 1730 inferius
1439 1693 1542 1729 habet
1577 1694 1714 1728 eamdem
1743 1692 1882 1737 Insulam
1913 1696 2018 1740 saza.

1259 1745 1340 1779 riam
1371 1744 1403 1778 in
1431 1745 1592 1778 Comitata
1628 1744 1730 1778 elidem
1767 1743 1917 1789 RegIensi
1941 1745 2021 1790 posi.

1261 1806 1350 1830 iam:
1378 1794 1432 1830 sed
1461 1794 1694 1830 emendandus
1730 1794 1850 1836 locus,
1877 1794 1911 1828 δε
1940 1793 2022 1829 scri-

1259 1845 1408 1882 bendum
1435 1845 1617 1889 Brixienfi‚
1645 1845 1700 1881 uti
1737 1844 1774 1880 in
1803 1844 2019 1893 autographo

1261 1896 1412 1943 ejusdem
1452 1895 1639 1943 Privilegii
1675 1894 1763 1931 meis
1799 1895 1911 1931 oculis
1939 1909 2021 1944 ego-

1260 1956 1331 1983 met
1367 1945 1458 1995 legi.
1495 1948 1730 1982 Monumenta
1766 1946 1856 1990 alia,
1892 1946 2019 1994 quibus

1260 1997 1458 2045 amplitudo
1495 1997 1657 2033 Brixiani
1694 1996 1897 2033 Comitatus
1937 1997 2021 2033 illu-

1258 2048 1401 2092 stratur,
1429 2047 1578 2096 accipiet
1607 2047 1693 2084 alibi
1722 2047 1872 2085 Legior.

1312 2099 1532 2135 Accedamus
1561 2112 1652 2134 nunc
1680 2098 1722 2134 ad
1759 2108 1916 2147 tempora
1942 2097 2022 2135 Wi-

1259 2150 1360 2186 donis
1388 2149 1456 2185 slve
1484 2149 1659 2185 Guidonis
1687 2149 1932 2194 Imperatoris.
1959 2153 2023 2187 Su.

1261 2214 1319 2249 pra
1347 2201 1385 2236 in
1418 2200 1594 2237 Differ-tat.
1625 2201 1688 2235 111.
1715 2202 1754 2235 de
1790 2204 1928 2236 Roman.
1957 2204 2022 2236 Im.

1257 2262 1391 2299 perator.
1421 2251 1557 2288 mentio
1592 2250 1683 2287 faeta
1719 2250 1763 2288 est
1801 2251 2020 2298 Diplomatis

1260 2303 1300 2338 ab
1337 2316 1379 2338 eo
1416 2302 1562 2339 conceffi
1600 2301 1787 2339 Leudoino
1824 2302 2017 2339 Mutinensi

1258 2353 1431 2402 Episcopo
1447 2356 1555 2389 Anno
1578 2355 1808 2390 DCCCXCI.
1824 2365 1880 2400 per
1894 2356 2017 2389 Marm-

1250 2405 1375 2449 srea'um
1394 2407 1545 2439 Comitem
1563 2405 1654 2439 Sacri
1668 2405 1812 2440 Palatii.
1829 2406 1924 2441 Tum
1942 2408 2016 2441 An-

1255 2469 1300 2490 no
1322 2457 1609 2492 DCCCXCVH.
1632 2456 1825 2496 imperante
1848 2456 2016 2493 Lamber-

1257 2515 1295 2541 to
1318 2506 1471 2555 Augusto
1491 2506 1641 2555 ejusdem
1663 2506 1838 2542 Guidonis
1861 2506 1938 2542 filio
1958 2521 2015 2543 oc.

1257 2557 1365 2596 currit
1399 2557 1502 2595 nobis
1529 2562 1691 2595 Aineaeus
1725 2562 1833 2595 Comes
1866 2558 1992 2592 Palatii
2002 2585 2012 2604 ‚

1865 2620 1963 2660 cujus
