2195 3032
358 205 448 236 vnt

289 264 367 301 ter
406 251 707 314 Maiestatem
744 266 904 313 tuam,
939 268 995 303 ac
1035 253 1390 306 Sereniffimum
1426 253 1898 312 FRANCISCUM

289 328 376 378 111.
422 326 648 376 Mutinae
698 329 895 378 Ducem
929 364 943 388 ,
1000 328 1415 381 clementiffirnum
1471 329 1641 381 herum
1693 348 1896 394 meum,

288 419 436 470 quem
485 406 710 469 proxime
751 406 1022 470 praeterito
1064 421 1196 454 anno
1241 404 1304 456 ad
1349 420 1399 454 te
1441 402 1714 473 profectum
1754 421 1900 459 tanto

288 493 454 526 amore
504 481 553 527 &
599 478 755 541 gratia
804 480 1069 546 excepisti,
1124 477 1324 529 affinitas
1375 494 1525 546 atque
1580 481 1894 543 conjunfflo:

287 568 437 619 quum
469 551 775 603 nobiliffimus
806 552 1221 604 Brunsvicenfium
1252 554 1454 603 Ducum
1489 555 1688 618 Sanguis
1724 572 1786 604 ex
1818 570 1899 618 ge-

285 627 418 676 mina
471 626 704 684 Sor-ore,>
737 642 837 677 tarn
889 630 940 678 in
992 627 1201 691 Regiam
1248 628 1528 691 Conjugem
1574 644 1709 678 tuam
1760 630 1893 679 MA-

286 694 473 771 R1AM
509 701 870 765 JOSEPHAM
916 702 1308 753 Archiduciffam
1360 702 1655 752 Austriacam
1686 738 1700 761 ,
1747 719 1894 769 quam

285 775 336 823 in
376 776 603 825 eumdem
647 776 872 826 Mutinae
917 779 1114 829 Ducem
1166 774 1389 833 fluxerit,
1430 780 1478 826 &
1521 778 1572 825 iu
1617 774 1894 840 Augustiffi-

283 865 360 898 ma
398 849 670 903 AMALIA
709 851 1049 903 Romanorum
1091 852 1440 919 Imperatrice‚
1475 853 1588 900 vivo
1629 850 1893 900 Mulierum

281 920 486 977 fortium
519 928 567 975 δι
607 926 797 994 piarum
837 927 1139 995 exemplari,
1168 943 1223 976 tu
1261 923 1619 974 amantiffimam
1660 926 1893 983 Socrum,

282 997 573 1049 Mutinenfis
615 1017 735 1049 vero
777 1001 899 1050 Dux
940 1001 1321 1064 benigniffimam
1362 998 1715 1058 Materteram‚
1761 1013 1892 1048 utet-

279 1089 378 1141 que
417 1072 613 1126 demum
650 1076 848 1127 alteram
879 1076 1030 1126 veluti
1069 1077 1282 1126 Matrem
1320 1074 1512 1124 colatis·

428 1149 601 1217 ltaque
645 1150 724 1198 cui
766 1152 995 1219 aequius,
1041 1153 1120 1201 cui
1167 1150 1400 1202 fidentius
1449 1162 1593 1215 quam
1647 1145 1888 1212 Maiestati

279 1235 393 1272 tuae
441 1221 648 1274 offeram
707 1240 802 1288 ego
858 1227 1122 1275 Italicarum
1180 1224 1529 1290 Antiquitatum
1586 1224 1723 1273 medix
1781 1220 1888 1270 aevi

277 1298 502 1364 CorpuS,
540 1297 679 1365 quod
721 1300 881 1348 multis
919 1300 1094 1361 vigiliis
1131 1304 1179 1351 &
1219 1297 1461 1348 laboribus
1504 1314 1530 1346 a
1570 1312 1647 1344 me
1691 1309 1888 1362 compa·

280 1373 433 1429 Ctum,
472 1372 654 1440 publici
696 1390 826 1423 nunc
873 1373 1076 1423 tandem
1115 1375 1231 1438 juris
1275 1368 1438 1421 facere
1476 1371 1738 1421 constitui?
1787 1371 1886 1418 lm·

279 1463 389 1502 m0,
436 1446 466 1496 fi
506 1447 629 1514 quid
669 1449 878 1497 ominari
923 1446 1071 1504 licet,
1114 1461 1276 1515 neque
1329 1444 1678 1506 injucundum,
1722 1456 1886 1509 neque

276 1519 453 1569 inutile
493 1521 740 1589 Principi,
782 1521 907 1571 adeo
948 1522 999 1570 in
1047 1521 1148 1588 ipsa
1186 1520 1453 1570 Germania
1497 1518 1696 1586 potenti
1740 1520 1787 1566 &
1833 1515 1887 1565 il-

277 1592 438 1651 lustri,
479 1610 821 1658 argumentum
869 1593 988 1645 istud
1032 1596 1285 1645 videatur.
1328 1595 1537 1660 Qippe
1581 1595 1631 1641 in
1678 1592 1773 1641 hoc
1813 1590 1887 1640 O-

278 1685 399 1737 pere
433 1669 633 1719 collesta
666 1670 890 1720 Eruditio
928 1670 1005 1718 illa
1041 1666 1136 1720 fuit
1170 1683 1275 1719 tum
1315 1669 1469 1724 sacra,
1506 1682 1610 1716 tum
1648 1662 1882 1735 profana,

275 1759 403 1811 quae
445 1761 556 1794 cum
597 1744 895 1794 Germanica
933 1759 1081 1808 gente
1118 1746 1388 1794 communis
1423 1742 1518 1799 est,
1553 1745 1600 1792 &
1639 1743 1885 1792 Literato-

276 1835 383 1867 rum
425 1819 622 1882 ingenia
661 1835 717 1869 ac
757 1818 908 1869 studia
946 1818 1075 1886 apud
1119 1819 1244 1887 ipsos
1286 1817 1561 1868 Germanos
1602 1817 1646 1867 S.
1687 1816 1748 1866 R.
1784 1817 1882 1865 lm·

275 1894 404 1962 perii
443 1893 655 1944 cultores
698 1896 964 1962 praecipue
1008 1910 1244 1944 exercere
1289 1893 1436 1943 solet.
1473 1892 1535 1942 Et
1572 1892 1682 1942 sane
1724 1905 1880 1959 quan·

277 1983 424 2037 quam
470 1969 749 2019 Italicorum
793 1970 990 2037 quidem
1039 1969 1339 2036 Popuiorum
1384 1982 1578 2025 moreS,
1623 1968 1881 2029 regimen,

276 2058 542 2111 ceteraque
572 2043 937 2093 barbaricorum
973 2044 1257 2093 seculorum
1299 2045 1398 2093 acia
1435 2040 1774 2109 pertractanda
1811 2038 1883 2088 su·

275 2119 550 2183 sceperim:
596 2118 913 2168 nihilomiuus
958 2121 1026 2168 ita
1072 2135 1182 2168 cum
1229 2118 1537 2169 Germanicis
1584 2116 1749 2166 Italica
1794 2114 1880 2162 mi-

276 2193 500 2250 scentur,
545 2208 598 2243 ut
635 2210 738 2242 non
773 2194 927 2244 minus
961 2210 1130 2250 unam,
1166 2195 1308 2262 quam
1346 2193 1544 2243 alteram
1588 2204 1787 2255 gentem
1828 2186 1882 2237 il-

274 2266 565 2318 lustraudam
604 2268 722 2318 mihi
761 2267 1064 2336 proposuisse
1099 2269 1295 2320 videar.
1343 2267 1474 2318 Heic
1507 2270 1639 2317 enim
1674 2264 1880 2319 versati,

276 2340 387 2392 heic
441 2340 678 2391 dominati
733 2357 811 2393 tot
863 2344 1202 2393 Romanorum
1250 2345 1574 2411 Imperatores
1623 2339 1881 2389 Germani·

275 2417 352 2467 ci,
396 2415 505 2466 heic
550 2416 772 2484 Populis‚
819 2433 903 2469 aut
942 2418 1236 2468 exercitibus
1277 2418 1535 2487 praepositi
1578 2431 1655 2466 tot
1699 2414 1882 2466 Princi-

276 2506 363 2559 pes
402 2493 449 2542 &
494 2491 724 2544 Proceres
765 2506 827 2545 ex
867 2493 1133 2544 Germania
1181 2494 1282 2563 ipsa
1322 2490 1554 2563 profeffi.
1603 2490 1785 2570 Dicam
1825 2504 1880 2538 e-

1696 2575 1821 2614 tiam,
