2195 3032
203 239 289 281 213

146 284 232 318 idem
259 286 379 320 Domni
403 284 588 330 Berengarii
624 283 727 327 Regis
751 280 837 315 dixit
864 282 908 315 ἔν
937 281 983 352 ΑΙ

141 335 289 383 professus
315 336 387 380 est:
421 363 446 379 ,‚
474 337 564 370 Vere
592 340 752 381 precepta
781 330 841 366 ista
867 333 901 366 8<

143 411 169 429 „
196 387 363 422 notitiam
378 415 386 427 ,
408 398 512 433 quam
534 383 591 420 hic
619 381 819 426 ostenfistis‚
843 382 902 417 bo·

145 464 169 482 ‚,
197 450 257 472 nas
283 438 316 472 &
344 449 479 471 veraces
507 434 586 470 sunt
604 462 614 476 ,
642 435 675 468 8<
705 447 757 468 res
785 433 821 467 in
850 434 900 468 lo-

145 514 168 532 „
197 501 251 523 cas
277 487 428 522 Cucullo
445 514 455 529 ‚
492 484 648 521 Tecledo
665 512 674 525 ‚
705 482 902 527 Brivisula,

144 561 168 582 ‚-‚
195 549 272 572 cum
292 536 391 571 omni
420 535 477 572 sua
506 535 742 584 pertinentia,
763 536 797 569 8<
820 536 900 569 Por-

143 615 166 633 „
194 596 232 621 to
259 585 471 633 Vulpariolo
508 586 710 623 transitorio
741 585 900 620 militum

140 654 164 682 9,
192 636 297 683 usque
324 637 362 671 in
390 637 499 686 capud
528 638 682 681 Addue‚
720 636 806 672 slcut
843 649 902 684 per

139 714 164 732 „
192 686 320 722 eisdem
366 688 538 736 preceptis
579 688 712 736 legitur
747 688 766 722 ὲ
805 695 901 735 parte

140 764 165 782 ‚,
193 737 346 785 predicte
389 739 511 774 Curris
555 739 697 784 Sexpile
736 738 840 773 vobis
881 738 900 772 ὲ

138 814 163 833 „
191 797 287 836 parte
321 788 503 836 Episcopii
540 788 655 824 sancte
683 791 898 824 Cremonen-

139 864 163 884 „
190 838 232 874 fis
266 838 417 875 Ecclesie
459 853 521 876 nec
559 838 794 883 contradixi,
836 851 898 874 nec

139 915 164 934 „
191 889 429 926 contradicere
457 904 588 939 quero,
610 891 693 938 quia
715 902 793 925 cum
821 890 898 937 lege

137 966 162 984 „
191 953 259 975 non
289 941 419 986 possum
440 954 456 985 ‚¹
487 953 535 977 eo*
565 941 659 989 quod
698 941 796 988 juxta
823 939 896 988 ipsa

138 1017 164 1035 ‚,
190 990 324 1038 legibus
351 992 502 1041 ejusdem
531 992 712 1040 Episcopii
740 990 896 1039 proprias

139 1067 163 1085 ‚,
192 1041 256 1076 effe
282 1042 430 1087 debent,
455 1044 488 1078 &
510 1045 528 1077 ὲ
552 1052 648 1091 parte
676 1042 780 1088 ipsius
807 1043 896 1077 Cur-

138 1117 163 1136 „
190 1090 238 1126 tis
274 1092 386 1128 nichil
423 1093 599 1142 pertinent
627 1092 668 1128 ad
697 1092 894 1128 habendum

137 1168 162 1185 ‚‚
190 1154 269 1177 cum
297 1144 392 1191 lege.
411 1171 435 1188 ,‚
471 1148 552 1179 Cum
580 1144 642 1191 ipse
668 1147 730 1179 Leo
756 1143 896 1178 Scavino

135 1192 180 1225 &
205 1193 396 1228 Advocatus
421 1195 531 1229 taliter
546 1193 696 1242 profeffus
723 1195 766 1229 (9¹
790 1193 893 1228 mani·

131 1242 227 1286 festus
246 1242 356 1290 fuiffet
371 1272 380 1289 ‚
409 1244 523 1279 reflum
550 1246 594 1280 eis
619 1245 760 1280 omnibus
783 1245 895 1292 paruit

134 1290 215 1338 effe,
244 1293 286 1327 &⁴
310 1293 562 1340 judicaverunt,
597 1307 634 1331 ut
657 1296 758 1340 juxta
792 1309 894 1330 eorum

135 1344 365 1378 altercationem
392 1347 435 1379 (9¹
460 1347 559 1380 eidem
586 1347 685 1381 Leoni
710 1348 892 1381 Advocato.

134 1393 164 1426 ri
188 1394 363 1439 profeffione
390 1396 433 1429 (Ψ
458 1396 706 1439 manifestatione
723 1406 801 1442 pars
827 1395 893 1440 eju-

129 1444 219 1490 sdem
254 1445 463 1486 Cremonensis
498 1445 631 1486 Ecclesie
666 1459 713 1479 res
748 1445 824 1480 illas
860 1447 893 1480 in

136 1495 248 1537 eisdem
274 1495 348 1529 locis
374 1497 522 1538 Cuculli),
551 1496 679 1530 Tecledo
695 1523 705 1539 ‚
742 1496 890 1540 Bri-msu-

133 1545 189 1588 la,
210 1558 276 1578 cum
303 1546 408 1581 omnia
427 1546 489 1591 sua
512 1546 726 1592 pertinentIa‚
753 1547 796 1580 (J
814 1550 889 1580 Por.

132 1605 165 1628 to
192 1596 394 1642 Vulpariol0‚
431 1596 609 1636 transitorio
635 1596 773 1630 militum
801 1598 893 1643 usque

131 1644 167 1679 io
194 1646 296 1691 capud
320 1647 463 1690 Addue‚
501 1647 544 1679 (9⁶
569 1659 636 1680 cum
672 1647 822 1681 molitura
853 1649 892 1681 de

130 1695 317 1730 molendinis
344 1696 387 1729 (9⁶
409 1697 585 1742 portoribus
611 1696 704 1743 usque
730 1697 764 1730 in
791 1700 892 1744 capud

130 1747 273 1788 Addue‚
294 1746 377 1787 ficut
404 1748 437 1781 in
463 1747 581 1791 easdem
605 1747 721 1794 legitur
736 1758 886 1795 precepto-

131 1809 184 1831 ras
199 1823 209 1839 ‚
245 1796 288 1830 ad
307 1796 434 1841 suorum
457 1797 678 1844 proprietatem
703 1798 813 1833 habere
838 1800 888 1833 de-

131 1848 215 1881 beret
248 1845 345 1891 juxta
382 1847 465 1894 ipsas
495 1858 687 1894 preceptoras
701 1862 721 1891 ;
757 1849 799 1882 (9¹
827 1850 889 1896 ipse

130 1900 195 1932 Leo
220 1898 430 1941 Advocatus,
466 1899 521 1932 vel
544 1909 619 1944 pars
645 1898 781 1943 ejusdem
808 1903 883 1934 Cur-

129 1947 174 1982 tis
199 1959 347 1983 maneant
374 1949 447 1982 inde
473 1949 565 1983 taciti
592 1949 635 1982 Θ·
660 1950 818 1985 contenti.
842 1954 889 1985 Et

120 1996 225 2041 finita
252 1997 293 2040 est
319 1999 427 2043 causa.
465 2002 512 2033 Et
546 1999 598 2033 hec
624 2000 740 2034 notitia
762 2011 818 2047 pro
839 2002 886 2045 se-

128 2048 259 2082 curitate
280 2049 371 2095 parti
394 2047 529 2095 ejusdem
552 2050 714 2097 Episcopii
723 2050 804 2095 fieri
817 2051 882 2097 jus

120 2097 244 2139 fimus.

178 2150 315 2195 Quidem
343 2150 386 2183 (9⁴
411 2164 465 2197 ego
490 2154 604 2186 Petrus
639 2153 794 2187 Notarius
830 2164 886 2199 per

122 2199 285 2246 juffionem
311 2202 429 2235 Domni
465 2203 591 2248 Regis,
629 2203 672 2236 &⁹
698 2203 883 2237 admonitio-

129 2263 196 2284 nem
223 2251 387 2293 nostrorum
418 2253 575 2296 judicum
605 2252 741 2299 scrt'psi‚
785 2259 885 2289 Anno

128 2303 234 2346 Regni
275 2303 392 2336 Domni
429 2303 617 2349 Berengarii
653 2305 780 2349 Regt‘s‚
818 2309 885 2340 Deo

125 2351 285 2396 propitio,
314 2355 437 2388 XXIII.
465 2354 572 2399 Mens.
600 2357 802 2399 November,
830 2358 881 2390 In-

128 2400 264 2435 dic‘lione
291 2406 377 2438 XIV.

179 2453 250 2497 Ego
284 2454 470 2494 Ambrosius
506 2456 691 2499 Dt'aconus‚
730 2456 773 2491 (9³
799 2460 881 2491 Can-

126 2501 272 2536 cellarius
297 2505 415 2539 Domni
452 2507 554 2554 Regis
591 2507 720 2552 interfui
746 2508 790 2543 (Ὺ
809 2508 882 2554 sub-

119 2549 249 2601 smpst,

499 220 1010 267 DISSERTATIO
1072 219 1410 278 QUARTA.

1612 235 1703 270 >214

1051 283 1122 326 Ego
1148 283 1301 314 Andreas
1341 279 1500 314 Diaconus
1536 275 1638 318 sanfle
1676 279 1761 310 Tici-

1001 330 1103 371 nensts
1138 331 1297 375 Ecclesie,
1337 330 1380 364 (9⁴
1415 328 1608 376 Capellanus
1642 328 1760 363 Domni

999 384 1102 428 Regis
1129 381 1278 424 interfui.

1051 435 1122 478 Ego
1139 432 1305 476 johannes
1330 432 1471 467 Clericus
1498 430 1628 476 interfui
1637 456 1648 466 .

1049 486 1121 528 Ego
1148 483 1250 525 Gauso
1278 484 1429 525 interfui.

1050 534 1232 580 VValpertus
1233 537 1264 577 J
1266 539 1344 567 udex
1356 533 1476 568 Domni
1492 532 1592 580 Regis
1608 532 1739 575 interfui
1746 558 1756 568 .

1047 584 1337 627 sichardussuaex
1351 584 1469 618 Domni
1484 588 1585 630 Regis
1606 583 1755 625 interfui.

1047 635 1203 677 Besanius
1212 636 1326 678 Judex
1346 635 1464 668 Domni
1484 634 1584 679 Regis
1604 633 1754 675 interfui.

1044 685 1220 728 Rotfredus
1245 685 1398 719 Notarius
1424 685 1543 719 Domni
1570 684 1670 730 Regis
1706 683 1755 717 in·

931 731 957 766 Β
1147 735 1244 779 terfui
1260 763 1269 771 .

1044 789 1156 833 Lupus
1170 787 1426 821 Archidiaconus
1446 784 1577 830 interfui
1591 810 1600 821 .

1042 840 1157 872 Petrus
1183 838 1342 872 Diaconus
1369 837 1415 871 ibi
1436 837 1489 880 fui
1506 863 1515 871 .

1040 888 1225 933 Agivertus
1251 888 1409 923 Presbiter
1435 888 1481 921 ibi
1501 887 1577 930 fui·

1041 939 1134 972 -Aldo
1161 939 1322 973 Diaconus
1350 938 1397 973 ibi
1416 937 1495 982 [αἱ.

1040 991 1229 1035 Lampertus
1254 990 1414 1024 Presbiter
1441 988 1488 1023 ibi
1508 986 1563 1031 sui
1576 1013 1585 1023 .

1038 1040 1175 1085 Signum
1202 1041 1346 1074 manibus
1373 1039 1540 1082 nostrorum
1567 1040 1748 1083 Bernardi,

989 1090 1031 1124 (9⁰
1057 1090 1183 1134 Pazom'
1199 1118 1208 1133 ,
1230 1091 1287 1135 seu
1313 1090 1489 1134 Rainerii,
1519 1085 1603 1135 Vbffi
1629 1090 1748 1125 Domni

986 1142 1088 1189 Regis
1105 1168 1114 1184 ‚
1142 1141 1197 1187 qui
1225 1142 1457 1185 interfuerunt.

1033 1193 1170 1239 Signum
1197 1193 1343 1228 manibus
1377 1191 1655 1239 ficprascriptorum
1682 1194 1746 1226 Be-

984 1243 1078 1288 boni,
1107 1244 1150 1276 ἔν’
1176 1243 1321 1287 Miloni,
1343 1244 1415 1277 item
1437 1243 1521 1289 Vaffi
1540 1242 1660 1278 Domni
1678 1246 1745 1277 Re-

979 1294 1033 1341 gis
1049 1322 1058 1337 ‚
1086 1294 1141 1340 qui
1167 1293 1376 1338 interfuerunt
1394 1321 1403 1329 .

1033 1347 1059 1378 5
1062 1345 1170 1391 ignum
1196 1345 1342 1379 mam'bus
1351 1344 1631 1391 supraſsriptorum
1650 1343 1745 1377 odel.

983 1394 1060 1438 rici,
1089 1395 1133 1428 <9⁴
1158 1395 1351 1440 Ingelrami‚
1372 1394 1525 1434 similiter
1544 1395 1629 1437 Vaffi
1647 1397 1747 1436 Domq

984 1444 1019 1478 ni
1045 1444 1146 1491 Regis
1163 1471 1172 1488 ‚
1201 1445 1255 1491 qui
1282 1443 1514 1487 interfuerunt.

1035 1496 1222 1530 Rodelando
1249 1494 1295 1528 ibi
1316 1494 1393 1537 fui.

1034 1545 1222 1594 Ughellius
1249 1546 1369 1579 Tomo
1395 1556 1430 1589 4.
1460 1544 1540 1579 Ital.
1568 1546 1659 1579 Sacr.
1682 1557 1743 1591 per

982 1595 1064 1630 haec
1092 1605 1249 1640 tempora
1277 1594 1474 1637 Landulfum
1513 1594 1615 1629 nobis
1642 1594 1743 1630 exhi.

982 1646 1039 1680 bet
1076 1645 1113 1680 in
1150 1643 1326 1680 Cathedra
1363 1644 1588 1679 Cremonensi
1627 1643 1743 1680 seden-

984 1705 1074 1731 tem.
1105 1694 1202 1731 Hinc
1231 1703 1347 1730 autem
1378 1694 1520 1742 liquet,
1556 1699 1743 1730 Landonem

982 1745 1194 1793 Episcopum
1240 1745 1354 1781 vitam
1400 1745 1496 1781 suam
1543 1746 1742 1791 produxisse

985 1797 1106 1832 saltem
1139 1796 1244 1844 usque
1271 1795 1312 1831 ad
1341 1797 1488 1831 Annum
1526 1798 1741 1833 DCCCCX.

983 1847 1109 1883 Obiter
1133 1847 1241 1883 etiam
1270 1846 1533 1887 animadverte,
1555 1847 1636 1882 huic
1665 1849 1743 1883 Pla-

981 1899 1054 1934 cito
1082 1896 1275 1934 interfuisse
1307 1897 1445 1944 aliquot
1472 1899 1671 1938 Presbyteros
1697 1899 1742 1932 (J

981 1951 1135 1985 Diacones
1161 1948 1315 1984 cardinis
1342 1947 1437 1995 ipsius
1464 1948 1646 1995 Episwpii,
1674 1948 1741 1984 hoc

980 2001 1024 2036 est
1052 1999 1257 2036 cardinales
1285 1997 1527 2036 Cremonensis
1549 1998 1740 2034 Ecclesiae.

979 2052 1097 2097 Quam
1125 2050 1341 2086 eminentem
1366 2051 1484 2084 locum
1506 2049 1655 2090 Gasindii
1674 2053 1742 2084 Re.

918 2090 943 2122 E
975 2106 1086 2149 gates,
1124 2101 1193 2137 five
1234 2103 1345 2136 Aulae
1383 2100 1524 2148 Regalis
1560 2099 1742 2145 Ministri,

980 2167 1018 2188 ea
1058 2151 1236 2188 occasione
1278 2151 1479 2193 tenuerint,
1521 2163 1626 2185 nemo
1667 2164 1740 2187 non

981 2202 1100 2244 videt,
1128 2216 1236 2250 quum
1265 2201 1471 2244 praecedant
1491 2201 1739 2247 Cancellario‚

978 2253 1161 2297 Judicibus
1182 2281 1192 2297 ‚
1240 2252 1393 2289 Notario
1414 2279 1424 2295 ,
1466 2253 1500 2287 8(
1544 2253 1740 2296 Capellano

979 2303 1083 2352 Regis
1101 2331 1110 2347 ‚
1148 2303 1398 2340 cardinalibus
1425 2301 1739 2348 Cremonensibus,

977 2356 1010 2390 8<
1039 2353 1150 2390 Vaffis
1178 2353 1361 2390 Landonis
1388 2352 1575 2402 Episcopi.
1604 2355 1740 2389 Verbo-

976 2419 1052 2441 rum
1084 2414 1199 2441 autem
1238 2414 1425 2440 contextus
1462 2403 1544 2439 satis
1581 2403 1738 2440 indicare

976 2456 1142 2500 videtur,
1185 2454 1290 2500 Vaffbs
1321 2455 1436 2490 Domni
1471 2456 1573 2501 Regis
1599 2454 1738 2490 eosdem

974 2507 1071 2542 fuisse
1088 2535 1098 2551 ,
1126 2515 1231 2554 atque
1258 2506 1426 2543 Gast'ndii.
1457 2505 1658 2542 Adnotavit
1683 2505 1736 2540 su.

972 2571 1032 2608 pra
1070 2557 1230 2594 laudatus
1269 2557 1493 2607 Bignonius‚
1533 2557 1572 2594 in
1608 2555 1735 2602 quibuq

1087 2610 1121 2645 O
1174 2620 1196 2645 2
1590 2605 1684 2641 sdam

925 1188 957 1223 C
