2195 3032
243 239 298 277 97

524 217 1032 262 DISSERTATIO

1079 217 1444 260 SECUNDA.
1671 227 1725 273 98

182 279 238 316 &a
266 280 452 323 M'ntinam,
479 277 591 314 rursus
608 304 617 320 ,
634 277 812 321 Altinum,
835 279 934 311 lWan-
956 278 1009 327 {A
1028 276 1150 312 taliam
1180 277 1344 326 ingressus
1358 305 1367 322 ,
1387 277 1621 326 Aystulphurn
1652 281 1784 327 Regem

184 342 298 375 tuam,
350 330 500 376 aliasque
533 328 644 363 Urbes
680 329 834 376 recepit.
879 331 939 362 Vos

183 381 302 427 auaiffe
328 381 476 415 credimus
500 383 538 412 de
578 381 756 422 Mourena,
793 379 935 423 Altino,

185 444 278 468 atoue
305 434 445 464 Mantua
477 429 703 472 Civitatibus,
741 443 818 476 quae
853 434 934 463 San·

186 483 253 518 Hae
271 482 347 527 sunt
365 479 569 524 Reipublicae
596 479 796 523 reformatae:
818 479 867 515 ita
894 480 935 514 ad

186 536 394 569 Francorum
433 531 563 578 Regem
600 529 771 566 scribebat
809 533 935 566 Roma-

184 596 246 619 nus
275 583 459 616 Ravennae
496 583 649 616 Exarcus
677 581 714 617 in
753 581 906 629 Epistola
927 609 937 625 ‚

183 645 269 681 quae
293 632 381 679 apud
400 631 665 667 Du-Chesnium
684 631 814 680 legitur
829 634 935 667 Tom.

182 686 209 718 l.
235 683 451 726 Scriptorum
480 682 748 717 Francicorum.
778 685 831 717 At
858 683 935 718 heic

182 746 244 781 pro
272 735 427 767 Montena
453 731 671 768 scribendum
691 733 850 777 Mutina,
878 743 936 768 aut
970 754 996 787 B

180 785 336 827 Motina,
368 783 421 819 uti
449 783 602 819 barbaris
639 783 856 832 temporibus
884 787 933 819 lo-

180 835 242 882 qui
270 835 432 870 arn-abant
460 834 649 869 nonnulli.
679 836 718 869 In
756 835 864 869 altera
891 836 929 869 E-

175 885 300 933 pistola
326 886 346 920 ὲ
383 884 559 920 Mauritio
595 883 671 933 ipso
706 884 864 933 Augusto
892 886 932 920 ad

176 935 445 971 'Childebertum
486 938 618 983 Regem
658 935 781 971 eodem
823 937 930 971 Anno

179 985 258 1021 data
300 985 469 1034 legimus:
513 989 600 1021 Deus
635 997 693 1033 pro
731 987 794 1032 sua
829 987 919 1034 pieta

180 1047 209 1070 ce
237 1037 450 1081 Mutinensem
489 1037 666 1071 Civitatem
702 1051 755 1071 nos
788 1047 927 1084 pugnam

178 1088 218 1121 do
246 1087 369 1131 ingredi
386 1087 484 1131 fecit,
507 1088 630 1134 pariter
656 1088 696 1121 (9⁴
718 1088 933 1132 ontinenam,

177 1138 221 1172 (9⁵
247 1141 464 1173 Mantuanam
490 1139 686 1173 Civitatem.
711 1140 774 1174 Per
795 1138 933 1187 aliquot

176 1201 284 1224 annos
312 1188 454 1224 Graecis
476 1198 662 1236 paruerunt
674 1192 838 1230 Mantua,
855 1190 924 1224 Bri·
967 1211 981 1242 (

177 1239 311 1282 xillum,
340 1240 496 1283 Mutina,
514 1242 663 1274 Cremona
679 1268 688 1284 ,
718 1239 856 1287 aliaque
881 1241 927 1275 lo-

177 1301 240 1338 cag
270 1299 305 1324 at
332 1288 392 1324 sub
421 1290 620 1337 Agilulpho
638 1293 731 1339 Rege
752 1290 834 1326 haec
855 1304 928 1326 om-

175 1340 236 1375 nia
263 1339 300 1375 in
327 1339 502 1375 ditionem
540 1341 846 1388 Langobardicam
883 1355 928 1377 re-

175 1389 338 1432 dierunt,
365 1403 452 1437 quae
479 1391 594 1438 gentis
618 1390 759 1426 fortuna
788 1391 807 1425 ὲ
828 1394 930 1426 Grae-

177 1439 226 1475 cis
255 1439 371 1488 pejora
398 1440 606 1474 timentibus
636 1453 754 1487 pacem
791 1440 929 1475 tandem

176 1489 345 1525 extorsit.
374 1491 478 1525 Tunc
506 1503 588 1538 ergo
609 1489 754 1526 statutus
781 1489 826 1525 est
853 1489 933 1526 finis

176 1540 270 1576 inter
306 1539 556 1588 Langobardos
591 1541 626 1576 8<
662 1543 840 1584 Graecos,
879 1541 931 1576 his

176 1591 356 1633 Bononiae,
374 1603 411 1624 ac
436 1590 601 1625 Ferrariae
617 1617 627 1634 ,
655 1590 730 1625 illis
757 1591 928 1634 Mutinae,

173 1640 274 1686 Regio
300 1640 438 1685 Lepidi,
482 1652 520 1674 ac
547 1642 706 1674 Mantuae
745 1639 924 1675 dominan-
965 1657 990 1687 Γ»

172 1690 287 1726 tibus.
304 1691 350 1724 Et
377 1689 437 1725 diu
465 1689 607 1736 quidem
635 1689 754 1726 stetere
781 1689 923 1739 ejusmo.

172 1741 209 1776 di
237 1740 342 1775 fines:
382 1740 446 1775 vix
482 1739 578 1775 enim
615 1741 722 1776 aliam
760 1740 797 1776 in
836 1740 927 1777 hil'ce

171 1790 327 1840 partibus
354 1803 468 1826 rerum
485 1790 744 1826 conversionem
763 1805 821 1839 per
838 1793 925 1827 mul—

171 1852 227 1877 tos
255 1841 379 1876 deinde
396 1855 503 1876 annos
520 1841 646 1876 faciam
662 1842 826 1877 novimus
838 1869 848 1885 ‚
874 1843 925 1878 ni—

172 1892 195 1927 fi
224 1891 316 1940 quod
343 1891 402 1926 sub
421 1891 568 1927 Rothari
585 1895 679 1940 Rege
706 1892 747 1927 ad
777 1891 923 1928 fluvium

170 1944 395 1979 Scultennam
424 1942 545 1988 (nunc
573 1943 728 1990 Panaro)
757 1956 924 1979 memora-

169 1993 237 2029 bili
266 1993 398 2037 praelio
419 1992 480 2028 fufi
509 2006 548 2028 ac
576 1993 694 2028 attriti
715 1993 792 2028 sunt
819 1996 921 2029 Grae-

168 2043 201 2080 ci
219 2070 227 2079 .
255 2045 432 2091 Tempore
463 2044 602 2078 tantum
630 2043 843 2092 Liutprandi
860 2047 922 2080 Re-

168 2094 243 2143 gis,
271 2103 441 2129 renovato
468 2094 595 2129 acriter
631 2094 725 2130 bello
742 2122 752 2138 ,
789 2099 922 2129 Raven-

168 2159 241 2180 nam
268 2144 378 2192 ipsam
415 2157 494 2180 cum
521 2145 600 2180 aliis
636 2146 829 2180 Exarcatus
858 2148 923 2181 Ur·

168 2196 268 2231 bibus
284 2195 509 2243 Langobardi
526 2194 587 2231 fibi
604 2194 829 2232 subdiderunt
841 2223 848 2231 .
863 2198 919 2232 Su·

168 2246 273 2295 perest
299 2246 410 2282 adhuc
438 2246 600 2281 Bononiae
627 2247 772 2294 antiqua
801 2246 920 2282 Inscri‹

167 2297 244 2345 prio
281 2297 318 2332 in
355 2310 552 2332 marmoreo
589 2296 689 2341 vase,
720 2297 780 2333 ubi
818 2297 919 2334 Liut-

169 2347 289 2394 prandi
330 2356 414 2383 tunc
451 2348 502 2383 ibi
532 2347 749 2384 dominantis
786 2348 921 2383 mentio

169 2397 339 2442 habetur,
367 2407 405 2434 ut
442 2398 531 2447 apud
567 2398 775 2435 Malvaliam
804 2398 923 2435 videre

167 2447 254 2482 licet
281 2447 317 2482 in
344 2451 513 2485 Marmor.
544 2449 668 2485 Felsm.
706 2449 857 2485 Seciion.
886 2463 921 2496 4.

167 2499 255 2545 Cap.
288 2509 342 2533 10.
368 2499 536 2547 Pippinus
563 2499 691 2537 exinde
707 2502 919 2536 Francorum

167 2549 243 2584 Rex
272 2548 313 2583 ad
340 2561 455 2597 preces
482 2551 648 2599 Stephani
676 2553 722 2587 11.
751 2552 863 2601 Papae
891 2553 921 2587 1-

269 2602 358 2636 Tom.
386 2601 414 2635 1.

959 2107 987 2140 E

1026 328 1067 362 ad
1095 327 1302 364 restituenda
1320 331 1480 364 Romano
1509 329 1663 376 Imperio
1691 332 1785 367 abla-

1029 386 1063 412 ta
1091 378 1232 427 adegit.
1272 379 1450 415 Promiffis
1478 393 1547 415 non
1578 379 1672 415 stetit
1710 383 1786 428 Ay.

1029 427 1201 476 stulphus:
1233 443 1338 477 quare
1377 430 1546 479 Pippinus
1575 430 1611 466 in
1641 432 1782 468 Italiam

1027 480 1190 527 regressus
1210 482 1244 515 vi
1262 494 1437 516 armorum
1468 483 1717 529 Langobardos
1746 484 1786 518 ti-

1026 529 1104 564 dem
1133 530 1266 566 solvere
1294 533 1435 580 coegit,
1465 531 1647 581 ipsumque
1677 536 1785 569 Exar-

1028 590 1144 615 catum
1173 594 1244 616 non
1271 583 1422 630 amplius
1449 585 1585 619 Graeco
1626 584 1784 633 Augusto

1026 631 1196 674 restituit,
1227 630 1281 666 sed
1309 632 1533 680 Apostolicae
1569 634 1648 670 Sedi
1690 639 1784 671 dono

1027 681 1143 716 dedit.
1173 684 1294 727 Quum
1324 695 1408 717 vero
1426 684 1651 719 Provinciam
1681 685 1783 722 illam

1025 731 1154 767 iterum
1181 731 1377 768 Desiderius
1405 733 1479 768 Rex
1505 733 1785 780 invasxffet‚n0n

1026 795 1101 817 eam
1130 781 1242 818 solum
1270 783 1490 831 recuperavit
1527 786 1676 820 Carolus
1704 788 1785 823 Ma.

1025 832 1206 881 gnus,sed
1234 833 1450 869 Defiderium
1478 848 1520 870 ex
1542 834 1616 882 ipso
1644 849 1784 886 quoque

1031 886 1152 928 Regno
1179 884 1492 933 Langobardorum
1521 884 1669 933 dejecit.

1080 936 1176 969 Haec
1204 948 1319 970 rerum
1348 935 1470 971 series.
1502 938 1623 984 Atque
1649 951 1691 972 ex
1729 938 1784 975 his

1026 984 1205 1034 intelligas
1217 1013 1226 1029 ‚
1243 986 1421 1034 quousque
1437 987 1663 1035 regnantibus
1691 990 1785 1024 Lan.

1025 1036 1186 1083 gobardis
1215 1036 1246 1072 se
1277 1037 1524 1084 protenderent
1561 1037 1646 1074 fines
1676 1042 1783 1074 Exar-

1025 1092 1151 1122 charus.
1168 1087 1330 1122 Samodia
1360 1097 1493 1123 torrens
1517 1090 1730 1125 Graecorum
1751 1104 1786 1127 a.

1025 1151 1124 1186 grum
1150 1138 1171 1173 ὲ
1198 1138 1469 1187 Langobardico
1489 1138 1756 1177 discriminabat
1772 1169 1782 1186 ,

1027 1187 1087 1223 nili
1116 1188 1209 1236 quod
1237 1202 1297 1237 per
1324 1188 1462 1237 aliquot
1502 1203 1610 1225 annos
1639 1193 1784 1227 Bononia

1026 1239 1068 1273 (Υ
1095 1242 1211 1274 Forum
1246 1241 1388 1274 Cornelii
1424 1240 1545 1287 (nunc
1571 1243 1692 1289 Imola)
1726 1256 1784 1292 pa-

1024 1303 1119 1325 ruere
1140 1290 1404 1338 Langobardis.
1431 1293 1553 1336 Quum
1576 1292 1781 1328 Zaccharias

1027 1343 1202 1376 Romanus
1216 1340 1382 1377 Pontifex
1400 1344 1602 1377 Ravennam
1627 1343 1782 1391 progres-

1026 1390 1098 1433 sus,
1115 1390 1200 1425 duos
1224 1391 1264 1425 ad
1291 1391 1552 1439 Liutprandurn
1572 1394 1700 1441 Regem
1714 1395 1782 1430 Le-

1024 1449 1122 1487 gatos
1152 1440 1328 1484 miffiffet‚
1357 1440 1455 1476 suurn
1484 1442 1516 1478 ei
1534 1442 1723 1479 adventum
1742 1444 1781 1479 si-

1023 1488 1271 1538 gnificaturos,
1299 1491 1353 1526 isti
1379 1493 1558 1539 Imolensem
1585 1507 1704 1542 agrum
1727 1494 1781 1530 in-

1022 1539 1146 1587 greffi,
1174 1542 1216 1576 ab
1244 1541 1421 1576 Anastafio
1448 1542 1485 1576 in
1516 1542 1589 1578 vita
1628 1543 1780 1591 ejusdem

1026 1590 1209 1625 Pontificis
1234 1590 1400 1626 dicuntur
1427 1591 1567 1627 intrasse
1597 1596 1782 1641 Langobar.

1020 1641 1127 1673 dorum
1147 1639 1254 1684 fines.
1282 1642 1335 1675 En
1363 1642 1436 1689 ejus
1465 1642 1589 1678 verba.
1618 1646 1688 1690 „Qui
1713 1647 1782 1680 viri

1022 1691 1146 1737 ingreffi
1163 1691 1195 1724 in
1214 1690 1342 1736 finibus
1370 1694 1649 1739 Langobardorum
1676 1695 1710 1729 in
1724 1697 1781 1730 Ci-

1020 1742 1155 1775 vitatem
1170 1769 1179 1784 ,
1195 1755 1274 1788 qnae
1297 1753 1429 1777 vocatur
1455 1745 1555 1778 Imola
1571 1772 1580 1788 ,
1599 1746 1666 1780 &a
1684 1748 1781 1782 Con-

1022 1801 1072 1826 tra
1100 1790 1122 1826 si
1143 1792 1221 1840 quis
1243 1801 1365 1840 petat,
1401 1795 1521 1841 quales
1551 1794 1665 1831 forent
1693 1796 1778 1833 fines

1024 1842 1263 1887 Exarchatus‚
1300 1842 1369 1878 five
1406 1845 1616 1881 Provinciae
1648 1847 1748 1883 illius
1769 1876 1781 1893 ,

1019 1906 1123 1940 quam
1141 1893 1311 1941 Pippinus
1331 1893 1501 1930 Ecclesiae
1516 1897 1693 1933 Romanae
1709 1907 1779 1934 tra.

1019 1943 1132 1987 didit,
1161 1945 1311 1980 Carolus
1339 1957 1422 1980 vero
1457 1947 1608 1994 Magnus
1650 1947 1778 1985 confir.

1021 1995 1155 2038 mavit,
1181 1994 1287 2030 hocce
1303 1994 1501 2043 responsum
1530 1997 1674 2033 habeat.
1696 2000 1778 2035 Hoc

1021 2044 1110 2080 mihi
1132 2055 1265 2080 certum
1290 2045 1335 2081 est
1350 2074 1360 2090 ,
1388 2054 1592 2094 certumque
1611 2049 1777 2086 omnibus

1019 2094 1174 2131 futurum
1205 2124 1215 2139 ,
1243 2097 1438 2131 Placentiam
1467 2096 1636 2133 videlicet
1657 2127 1667 2143 ‚
1694 2103 1777 2136 Par-

1019 2159 1101 2181 mam
1121 2173 1131 2190 ,
1159 2147 1296 2193 Regium
1318 2175 1326 2190 ,
1352 2148 1386 2182 ἃ
1424 2148 1590 2182 Mutinam
1627 2151 1776 2188 minime

1018 2210 1056 2231 ea
1084 2196 1275 2232 donatione
1306 2197 1403 2233 fuiffe
1422 2198 1711 2250 comprehensasg
1732 2202 1777 2237 il.

1018 2246 1134 2294 lasque
1162 2247 1284 2283 saltem
1314 2249 1424 2283 Urbes
1441 2247 1477 2283 in
1500 2250 1627 2286 Italico
1654 2253 1776 2301 Regno

1017 2297 1150 2345 jamdiu
1178 2298 1352 2343 inclusas,
1395 2298 1548 2347 integras
1584 2314 1663 2336 cum
1693 2316 1776 2352 agro

1020 2347 1078 2383 suo
1108 2348 1330 2397 perseverasse
1358 2349 1395 2384 in
1423 2349 1560 2386 ditione
1591 2353 1725 2401 Regum
1745 2356 1777 2390 1.

1018 2398 1144 2434 taliae.
1179 2400 1315 2435 Mirum
1344 2399 1410 2444 est,
1438 2400 1517 2448 quei
1556 2403 1774 2451 temporibus

1019 2448 1140 2484 nostris
1168 2450 1385 2499 reperiantur
1404 2478 1414 2496 ‚
1442 2450 1503 2498 qui
1531 2451 1568 2487 in
1598 2462 1694 2498 tanta
1722 2457 1777 2493 lu-

1019 2513 1056 2535 ce
1084 2500 1241 2536 tenebras
1277 2501 1388 2537 adhuc
1425 2501 1607 2539 venditare
1634 2506 1776 2544 velint.

1018 2549 1082 2587 Sed
1094 2551 1178 2599 quid
1196 2564 1267 2587 non
1279 2551 1364 2588 facit
1386 2552 1622 2592 contendendi
1649 2558 1772 2594 ardor?

1116 2604 1149 2638 G
1671 2610 1723 2643 Ut
