2195 3032
430 248 484 288 27
730 230 1118 288 ANTIQUJT.
1171 230 1396 274 MEDJI
1444 230 1617 274 AEVJ
1859 241 1912 281 28

371 291 557 338 archetypa
584 290 783 326 membrana
804 290 836 326 se
863 289 954 326 mihi
981 289 1124 326 obtulis·
1147 291 1335 339 Alperest‚
1365 290 1549 340 antiquum
1580 291 1680 335 sane,
1710 290 1765 326 sed
1793 292 1968 341 informe‚'

369 340 445 385 set,
490 354 607 376 earum
642 354 841 389 germanam
877 339 1052 388 originem
1088 354 1126 376 ac
1203 341 1332 391 quippe
1372 342 1467 378 notis
1507 342 1781 392 Chronologicis
1823 343 1962 382 destitu-

369 391 600 427 sinceritatem
630 392 793 439 praestare
823 405 887 440 ego
914 391 1097 439 potuissem
1117 419 1125 427 .
1203 402 1308 441 tum;
1346 406 1385 429 ac
1414 392 1558 441 proinde
1585 393 1717 442 judicet
1747 392 1892 441 quisque
1919 396 1960 432 de

367 442 432 478 Sed
461 455 567 478 unum
604 441 789 479 dumtaxat
825 440 1037 492 apograhum
1074 441 1125 479 su·
1203 443 1275 491 ejus
1293 443 1536 493 legitimitate,
1558 454 1661 494 prout
1679 443 1741 480 fibi
1763 444 1961 482 videbitur.

469 531 625 574 Literae
657 531 779 586 Sergii
811 533 885 575 ΙΙΙ.
917 535 1062 588 Papae,
1092 531 1232 590 quibus
1262 534 1444 575 condolet
1476 534 1679 587 Leopardo
1709 533 1859 578 Abbati

555 591 839 634 Nonantulano
869 591 917 632 de
948 591 1027 645 ejus
1061 591 1302 633 Monasterio
1333 594 1381 633 ab
1414 592 1613 647 Hungaris
1644 592 1776 635 everso

830 650 999 694 Circiter
1030 654 1194 694 Annum
1226 650 1372 694 Christi
1401 654 1501 705 908.

363 745 548 838 SErgius
567 747 737 794 Episcopus
749 748 864 793 fiervus
876 749 1038 793 servorum
1063 749 1128 783 Dei
1156 748 1194 815 B}
1253 750 1421 784 Ceterum
1462 748 1504 784 de
1543 747 1656 784 illatis
1690 748 1814 785 Italiae
1855 749 1964 788 cladi.v

453 801 612 844 Leopardo
641 799 780 846 religioso
799 801 1026 834 Nonantulani
1051 802 1123 834 Mo·
1191 799 1263 849 ,bus
1291 799 1332 834 ab
1360 799 1563 848 Hungarica
1600 799 1741 835 feritate
1767 800 1834 835 erit
1871 800 1962 838 mihi

363 848 492 889 naslerii
526 849 676 884 Abbati.
714 849 795 890 Visis
830 851 1025 884 humilitatis
1053 861 1126 885 tuae
1201 849 1305 885 fusior
1341 849 1452 885 sermo
1488 850 1525 886 in
1553 850 1672 886 eadem
1711 850 1962 887 Differtatione

362 899 483 932 Literis
509 900 717 934 condoluimus
730 901 815 945 satis
839 903 878 936 de
898 901 1031 936 cenobio
1058 904 1122 936 No·
1200 900 1468 949 Quadragefima
1493 900 1534 937 de
1555 901 1711 948 Rhythm.
1734 904 1833 937 Veter.
1853 901 1960 943 Poefi.

361 949 545 993 nantulense
581 950 643 984 tibi
678 949 850 995 commisto,
892 965 924 986 eo
959 953 1034 998 qnia
1063 952 1124 996 sub
1201 953 1305 987 Nune
1341 950 1503 1000 progredi
1548 965 1634 992 opus
1671 951 1740 986 est.
1782 951 1860 987 Post
1895 952 1960 988 ali-

363 1012 435 1033 σανα
461 1000 510 1032 tui
537 1001 700 1046 regiminis
725 1001 893 1046 commiffies
918 1003 978 1037 tibi
1004 1005 1119 1037 Mona·
1199 1012 1286 1050 quot
1323 1001 1497 1050 Augustos
1513 1029 1523 1045 ‚
1562 1001 1619 1037 seu
1657 1002 1780 1037 Italiae
1821 1005 1930 1050 Reges
1946 1030 1958 1046 ,

360 1050 480 1084 chorum
504 1063 582 1095 grex
617 1053 777 1086 nonnullis
803 1052 941 1096 afficitur
978 1053 1120 1100 indigen·
1198 1053 1239 1088 ad
1276 1052 1524 1100 Berengarium
1562 1053 1609 1087 ΙΙ.
1649 1053 1683 1087 8(
1724 1051 1958 1088 Adelbertum

359 1100 439 1134 tiis.
479 1101 643 1147 Siquidem
680 1103 880 1137 barbarorum
915 1104 1027 1150 gladio
1062 1118 1118 1138 va·
1197 1104 1269 1151 ejus
1306 1103 1421 1138 filium
1459 1102 1612 1138 delatum
1650 1102 1694 1137 est
1729 1101 1852 1137 ltaliae
1889 1101 1958 1138 sce-

351 1149 484 1194 stante,
515 1163 661 1198 tuumque
689 1154 917 1195 Monasterium
943 1156 984 1188 ab
1010 1154 1132 1200 eisdem5
1197 1164 1332 1195 ptrum.
1362 1156 1495 1189 Eorum
1521 1162 1639 1188 tamen
1667 1166 1801 1196 mores,
1829 1152 1898 1188 five
1919 1160 1958 1188 ut

360 1200 431 1245 igne
457 1213 622 1236 crematum
661 1204 811 1238 malorum
849 1205 1008 1239 hominum
1044 1205 1118 1248 infe·
1145 1205 1322 1248 C‘recffius
1363 1206 1514 1253 loquar,
1563 1203 1733 1239 vitiorum
1777 1202 1955 1251 phalanx,

351 1249 512 1295 statione,
554 1263 583 1286 te
620 1253 719 1300 ipsum
755 1268 822 1289 cum
858 1255 922 1289 tuis
963 1257 1131 1290 turbatum*
1196 1255 1320 1302 quibus
1348 1255 1647 1301 deturpabantur‚
1690 1254 1774 1288 adeo
1804 1253 1957 1289 Romani

356 1302 527 1336 audimus.
564 1306 629 1337 sed
664 1304 872 1348 mtfiritorxid
903 1306 1122 1352 omnipotentis
1198 1305 1408 1349 pontificis,
1440 1305 1609 1352 simulque
1641 1303 1958 1339 Ecclefiasticorum

356 1351 421 1385 Dei
447 1351 504 1392 esto
525 1352 632 1397 fisus,
661 1356 876 1402 beatorumque
902 1357 1120 1403 Apostolorum
1195 1358 1227 1391 &
1256 1355 1493 1392 Saecularium
1534 1357 1720 1392 Procerum
1752 1354 1888 1389 animos
1916 1354 1960 1389 ab

351 1400 521 1446 suffragiis
555 1403 714 1447 adjutus,
751 1406 826 1444 quia
853 1411 894 1439 ad
929 1408 982 1439 hoc
1005 1418 1116 1451 preva-
1195 1406 1243 1440 eis
1272 1406 1468 1448 alienavit,
1506 1415 1544 1441 ut
1574 1405 1783 1440 advocatum
1820 1404 1857 1439 in
1887 1407 1958 1439 Ita-

356 1450 444 1492 luisti
462 1478 471 1493 ,
510 1463 544 1485 ut
567 1454 634 1498 post
661 1463 706 1486 tot
724 1453 866 1499 flagella
883 1481 893 1496 ‚
929 1455 979 1487 tui
1005 1455 1121 1488 laboris
1196 1454 1280 1488 liam
1319 1456 1491 1488 Ottonem
1533 1455 1707 1497 Magnum
1750 1453 1958 1490 Germaniae

355 1502 546 1544 certamine,
584 1503 753 1543 Ecclesiam
791 1504 886 1550 ipsius
915 1505 963 1537 tui
1002 1506 1115 1538 Mona·
1197 1507 1327 1552 Regem
1367 1505 1475 1538 Anno
1504 1505 1737 1539 DCCCCLI.
1767 1517 1804 1539 ac
1831 1503 1957 1540 deinde

347 1550 440 1593 sterii
476 1551 568 1597 usque
607 1553 650 1586 ad
685 1553 803 1586 culmen
839 1555 986 1594 levaris,
1028 1568 1121 1599 quam
1198 1557 1303 1589 Anno
1341 1556 1627 1591 DCCCCLXIL
1665 1554 1769 1589 illum
1802 1554 1956 1590 tamdem

356 1614 423 1635 curn
454 1612 515 1635 toto
541 1612 593 1635 tuo
629 1603 821 1644 Rffonasterio
841 1603 902 1647 sub
937 1605 1120 1649 Apostolica
1196 1604 1437 1639 constituerint
1468 1618 1538 1640 non
1566 1605 1704 1639 tantum
1737 1604 1861 1640 Italiae
1890 1607 1957 1641 Re-

358 1652 460 1693 nostra
480 1651 611 1687 tuicione
627 1680 635 1696 ,
658 1654 914 1699 quemadmodum
934 1653 996 1697 sub
1015 1657 1116 1688 Ante-
1141 1663 1172 1696 D
1195 1667 1272 1703 gem
1290 1683 1299 1698 ,
1337 1653 1393 1689 sed
1421 1654 1528 1690 etiam
1558 1657 1797 1690 Romanorum
1836 1656 1951 1702 Impe-

357 1700 496 1746 cefforum
513 1703 680 1744 nostrorum
701 1714 832 1750 tempore
844 1704 934 1748 suit,
951 1715 1006 1749 pro
1021 1718 1121 1738 amore
1195 1715 1344 1740 ratorem
1360 1732 1368 1739 .
1397 1707 1449 1740 Ita
1478 1705 1515 1740 in
1543 1705 1752 1741 Germaniae
1774 1704 1950 1752 Principi-

355 1753 442 1787 beati
461 1753 611 1795 Silvestri
637 1754 801 1798 Pontificis
821 1758 983 1789 Romanae
1002 1756 1119 1798 Sedis,
1195 1756 1256 1791 bus
1284 1764 1367 1790 tunc
1405 1764 1464 1790 aut
1493 1765 1655 1803 coeptum
1673 1782 1682 1798 ‚
1720 1763 1780 1789 aut
1808 1768 1955 1790 renova-

357 1803 406 1837 cm'
421 1806 487 1837 Deo
509 1803 629 1838 αιιέἶονε
648 1805 859 1849 deservimus,
873 1806 1063 1839 decernimus
1077 1806 1114 1846 est
1195 1817 1269 1841 tum
1298 1805 1343 1840 est
1370 1805 1422 1854 jus
1444 1806 1562 1842 Italici
1591 1805 1704 1854 Regni
1724 1806 1756 1840 &
1787 1805 1954 1853 Imperia,

355 1853 410 1897 se.
426 1856 473 1887 Et
488 1855 668 1900 ubicumque
683 1865 712 1888 te
731 1855 887 1900 adjuvare
905 1856 947 1889 (9¹
963 1867 1119 1902 protegere
1195 1857 1239 1891 lis
1264 1858 1451 1892 Coronae:
1482 1856 1576 1904 quod
1603 1856 1713 1891 adhuc
1741 1855 1779 1891 in
1806 1855 1851 1891 iis
1879 1869 1955 1903 per-

355 1903 525 1948 debemus,
563 1905 728 1949 Pontg'ficii
763 1906 858 1948 nostri
885 1907 1042 1940 dexteram
1078 1907 1115 1940 li·
1194 1907 1293 1942 durat
1311 1934 1319 1942 .
1348 1909 1448 1952 Quae
1476 1907 1689 1943 murationes
1718 1905 1755 1941 in
1782 1905 1954 1954 regimine

357 1954 463 1988 hemer
494 1955 706 2001 porrtssgemus,
735 1956 904 1999 firmantes
938 1970 1118 2003 quecumque
1196 1958 1318 1993 Italiae
1346 1957 1456 2005 postea
1483 1957 1689 2001 evenerint,
1718 1957 1862 2004 Populis
1883 1959 1953 1992 Ita-

357 2005 398 2039 ab
425 2018 481 2038 evo
509 2005 651 2052 religiosa
680 2007 722 2039 (9¹
742 2006 856 2050 sanfi‘a
892 2006 1020 2053 concessa
1046 2008 1115 2041 Pri·
1193 2009 1273 2044 licis
1300 2008 1547 2044 Germanicam
1583 2006 1864 2043 dominationem
1896 2007 1956 2043 de-

359 2054 483 2101 vilegia
518 2066 570 2089 tuo
596 2056 725 2100 fuerunt
761 2057 954 2099 sssonasterio
987 2061 1110 2092 Nonan-
1184 2059 1450 2101 *trefflantibuffi
1492 2071 1562 2092 non
1591 2058 1634 2093 est
1663 2057 1764 2104 hujus
1800 2057 1872 2092 loci
1899 2057 1954 2092 in-

359 2106 487 2140 tulasw.
519 2109 566 2141 De
585 2117 677 2140 cetero
696 2106 728 2147 st
747 2114 790 2141 ad
809 2108 1037 2149 consecrandam
1058 2111 1105 2142 Ec
1143 2119 1169 2152 E
1195 2110 1308 2144 dicare
1324 2135 1332 2143 .
1360 2108 1418 2143 Ad
1445 2121 1517 2143 rem
1544 2108 1755 2156 praesentem
1783 2107 1876 2155 quod
1900 2116 1952 2143 at-

359 2154 479 2194 clefiam
506 2157 554 2189 tui
582 2157 768 2200 Monaslerii
795 2158 980 2204 Eptscopum
1006 2158 1114 2205 queste-
1195 2160 1311 2200 tinet,
1347 2160 1404 2194 vel
1441 2172 1483 2194 ex
1520 2158 1583 2194 hac
1621 2158 1719 2196 brevi
1753 2158 1952 2194 narratione

360 2205 405 2239 ris
431 2205 483 2238 hoc
509 2216 661 2251 tempore,
690 2208 830 2242 nolumus
856 2222 891 2242 ut
914 2210 1050 2256 aliquem
1076 2210 1120 2243 ad
1195 2210 1344 2246 constare
1379 2210 1447 2257 jam
1478 2209 1585 2259 potest
1601 2237 1610 2253 ‚
1650 2223 1690 2244 eo
1707 2237 1716 2249 ,
1753 2218 1792 2244 ut
1820 2208 1869 2244 ita
1897 2208 1950 2243 di-

361 2255 592 2297 consecrandam
614 2258 710 2303 ipsam
739 2259 905 2294 Ecclesiam
926 2273 1029 2306 roges,
1058 2259 1119 2300 nist
1194 2275 1268 2296 cam
1285 2288 1295 2304 ‚
1332 2260 1483 2296 fatorum
1503 2288 1512 2302 ‚
1550 2259 1618 2295 sive
1647 2262 1801 2295 Naturae
1827 2258 1951 2294 ordine

352 2306 533 2350 Jobannem
569 2309 762 2349 Ticinensem
807 2311 1017 2357 Episcopum,
1063 2322 1118 2345 aut
1193 2311 1428 2347 conformatos
1456 2311 1520 2346 effe
1558 2311 1734 2356 Populos.
1773 2318 1810 2345 ut
1839 2309 1951 2344 Meri-

360 2357 525 2391 I-Vidonem
555 2359 799 2402 Placentinum,
831 2362 885 2395 vel
911 2362 1116 2408 Aelbungum
1192 2362 1347 2398 dionales
1374 2361 1512 2398 facilius
1553 2361 1717 2397 debellari
1746 2361 1778 2395 δί
1808 2359 1949 2408 subigi,

359 2408 581 2453 Par-mensem,
632 2411 885 2455 reverentiffimos
928 2412 1115 2459 Eptfiopos.
1192 2423 1251 2449 aut
1288 2412 1399 2462 affligi
1437 2413 1478 2447 ab
1516 2411 1752 2459 Hyperboreis
1790 2409 1949 2446 soleant.

359 2459 410 2491 De
437 2459 485 2491 his
513 2459 613 2493 tribus
630 2461 750 2506 qualem
776 2462 934 2507 volueris,
962 2463 1055 2499 induc
1073 2464 1117 2498 aa'
1192 2463 1391 2500 Ferociores
1420 2476 1542 2510 nempe
1570 2463 1624 2500 isti
1642 2491 1651 2506 ‚
1689 2476 1726 2498 ac
1756 2460 1943 2504 fortiores,

355 2508 588 2553 consecrandum
610 2523 698 2546 tuam
724 2511 911 2553 Ecclesiam⁶
1190 2515 1223 2549 &
1264 2517 1467 2562 plerumque
1512 2514 1636 2550 mortis
1677 2511 1850 2561 aspe&um
1893 2510 1947 2545 in-

1179 2544 1325 2605 ituentes
1352 2565 1432 2603 aliis
1459 2566 1572 2603 oculis
1586 2593 1598 2612 ‚
1635 2579 1673 2603 ac
1700 2566 1761 2614 qui
1783 2560 1948 2647 gellio&

1818 2622 1858 2646 oe
1875 2622 1898 2648 o
