2195 3032
177 231 257 274 123
478 208 995 256 DISSERTATIO
1056 208 1357 253 TERTIA.
1595 220 1677 255 126

109 289 196 328 gnus
211 275 390 326 delegiffet
405 271 602 309 Ludovicum
617 268 734 304 filiurn
751 267 872 313 suurn,
902 271 935 305 A
971 267 1074 312 Pius,
1100 282 1209 317 quum
1239 271 1422 317 Collegam
1453 268 1515 305 fibi
1541 283 1579 305 ac
1608 270 1735 308 succel-

108 342 213 377 quem
242 328 298 363 Pii
322 331 556 375 cognomento
582 320 768 368 posteriora
794 321 868 355 Sae-

106 382 183 416 cula
211 380 405 419 donarunt,
426 375 535 409 Anno
556 372 795 406 DCCCXIlI.
817 372 865 405 A.

108 429 332 479 quisgranum
373 421 586 460 convocavit
628 421 791 458 Comitia
831 423 870 456 de

105 484 201 516 Omni
228 485 356 526 Regno,
382 476 437 509 vel
463 473 594 521 Imperio
613 473 696 518 suo.
725 475 773 507 Et
798 485 864 507 con-

105 541 260 567 venerunt
293 525 463 574 Episcopi,
490 526 658 569 Abbates,
687 524 730 558 (θ’
763 525 866 558 Comi-

107 592 173 625 tes,
201 581 244 614 (9⁶
267 583 404 613 senatus
431 579 624 611 Francorum
659 576 703 610 ad
730 577 862 622 Impera-

105 643 220 667 torem:
247 628 325 664 sunt
352 628 458 663 verba
495 625 668 662 Chronici
705 624 862 661 Moiffia-

106 680 234 718 cenfis.
270 681 320 714 Ea
356 676 534 713 occaslone
570 678 721 712 Carolus
757 676 867 712 habuit

104 731 262 772 eonsilium
302 743 369 764 cum
406 727 563 775 praefatis
603 728 787 774 Ept'scopis,
826 727 869 761 (9¹

103 783 311 824 Abbattlms‚
341 780 385 813 (θ’
420 778 616 821 (Γωηίεἱύιις,
646 779 690 811 (9⁶
724 777 862 823 Maj0ri-

100 834 159 867 bus
186 842 262 866 nanu
286 833 499 873 Francorum,
525 840 560 863 ut
585 828 800 870 constituerent
816 827 859 872 fi-

103 883 182 917 lium
204 882 296 927 suum
324 880 521 915 Lazo-vicum
548 883 667 926 Regem
696 879 739 912 (9⁴
767 881 865 925 Impe-

104 944 254 967 ratorem.
276 933 345 978 Qui
368 944 470 965 omnes
492 931 613 976 pariter
635 930 867 975 consenserunt.

105 983 205 1019 Paria
234 984 326 1032 legas
354 982 442 1029 apud
474 981 684 1029 Theganum
716 980 864 1016 Histori-

103 1047 205 1078 cum,
242 1034 295 1070 uti
332 1033 436 1068 habet
476 1031 722 1068 Du-Chesnius
757 1033 864 1066 Tom.

106 1098 139 1120 z.
170 1084 336 1130 Scriptor.
374 1082 532 1119 francic,
561 1096 637 1131 pag.
676 1082 760 1128 276.
787 1085 867 1116 Cum

99 1136 185 1170 omni
199 1136 333 1170 exercitu
344 1163 352 1178 ,
371 1134 534 1182 Episcopis
545 1161 555 1177 ‚
569 1134 756 1168 Abbathus
767 1161 776 1175 ‚
794 1135 862 1167 Du·

101 1187 212 1229 cibus,
252 1186 453 1229 Comitibtn,
495 1184 708 1231 Locopost'ti5‚
754 1183 866 1218 habuit

97 1238 221 1284 grande
257 1237 441 1284 colloqm'um
477 1249 544 1271 cum
580 1236 626 1269 eis
660 1234 867 1282 Aquijsgrano

102 1288 252 1330 Palatio,
276 1288 476 1334 interrogans
501 1300 603 1320 omnes
626 1288 647 1320 ἂ
673 1286 807 1320 maximo
832 1299 852 1319 u

95 1339 173 1385 Jque
207 1340 252 1373 ad
278 1339 463 1381 minimum,
485 1337 516 1378 fi
542 1338 589 1371 eis
621 1335 804 1383 placuiffet,
833 1347 868 1369 ut

105 1402 211 1422 nomen
234 1389 350 1432 finem,
377 1389 453 1429 idest
482 1386 795 1431 Imperatoris‚filio
813 1387 869 1429 suo

105 1438 275 1473 Ludewico
298 1436 496 1481 tradidisset.
521 1439 646 1483 Neque
668 1436 761 1471 secus
786 1435 868 1470 haec

105 1497 221 1523 narrat
251 1488 383 1523 nobilis
414 1486 610 1523 Historicus
648 1485 867 1535 Eginhardus

105 1538 142 1574 in
173 1540 258 1574 Vita
286 1538 408 1574 Caroli
446 1537 568 1586 ipsius.
606 1539 665 1572 An
697 1536 865 1585 ejusmodi

104 1589 278 1624 Comitiis
306 1588 532 1624 interfuerint
559 1587 686 1636 Legati
716 1586 865 1622 Romani

105 1639 312 1683 Pontificis‚
341 1640 373 1673 8<
404 1637 590 1686 Episcopi,
618 1651 657 1672 ac
687 1637 866 1684 Principes

105 1689 250 1733 Italiae,
280 1701 349 1723 non
384 1688 518 1736 liquet:
550 1687 785 1723 nihilominus
814 1687 862 1722 in—

104 1739 257 1776 terfuiffe
285 1752 450 1788 perquam
476 1738 644 1774 credibile
669 1739 734 1783 est,
758 1751 861 1786 quan·

103 1791 149 1826 do
171 1791 241 1839 jam
267 1790 422 1826 vidimus
443 1789 648 1825 confluxisse
673 1789 760 1825 illuc
785 1791 863 1824 Pro-

105 1855 196 1877 ceres
215 1845 254 1875 de
273 1841 357 1875 omni
378 1845 510 1887 Regno,
527 1842 581 1875 vel
596 1842 729 1888 Imperio
741 1868 748 1876 .
767 1842 864 1875 Prae-

103 1892 205 1933 cipue
227 1895 310 1927 vero
326 1905 412 1939 opus
432 1900 528 1936 erat,
544 1900 583 1927 ut
605 1891 757 1926 Romani
775 1893 862 1926 Pon-

102 1942 213 1978 tificis
241 1942 369 1978 affensu
396 1941 526 1978 eleClio
554 1942 617 1977 illa
649 1941 864 1978 firmaretur.

101 1996 150 2029 Et
191 1992 269 2028 sane
311 1992 516 2029 Ludovicus
555 1992 650 2028 idem
691 1992 866 2042 Augustus

103 2042 262 2080 Remenfi
289 2043 328 2079 in
356 2044 450 2079 Urbe
477 2043 679 2087 consistens,
705 2044 866 2088 curavit,

103 2105 143 2131 ut
166 2094 359 2142 Stephanus
388 2096 450 2130 IV.
474 2096 566 2140 Papa
593 2094 629 2130 in
654 2094 791 2130 Gallias
813 2108 863 2129 ac-

103 2146 194 2182 citus
221 2145 283 2181 fibi
311 2147 490 2181 Coronam
520 2145 738 2193 imponeret:
771 2145 865 2193 quod

104 2197 221 2232 aetum
249 2198 358 2231 Anno
386 2195 518 2232 Christi
548 2198 782 2232 DCCCXVI.
813 2196 866 2232 uti

107 2247 347 2296 praelaudatus
370 2246 614 2296 Eginhardus,
635 2247 769 2295 aliique
791 2249 865 2282 An-

106 2298 246 2334 nalistae
287 2299 412 2333 Franci
454 2298 633 2347 produnt,
676 2297 867 2346 multisque

106 2347 270 2384 describit
297 2349 486 2386 Ermoldus
516 2350 681 2399 Nigellus
718 2349 800 2386 Lib.
835 2361 866 2385 2.

109 2399 284 2434 Poematis
308 2399 348 2435 de
374 2401 459 2436 Reb.
483 2401 561 2449 gest.
583 2401 761 2437 Ludovici
789 2400 867 2444 Pii,

108 2451 202 2485 Part.
240 2451 286 2485 II.
319 2451 427 2488 Tom.
465 2454 511 2487 11.
543 2455 623 2488 Rer.
660 2451 865 2487 Italicarum

109 2500 129 2534 a
157 2513 212 2535 me
248 2501 430 2548 evulgati.
467 2502 628 2539 Parentis
664 2503 864 2551 exemplum

107 2550 271 2587 imitatus
311 2550 355 2586 est
395 2552 507 2600 postea
546 2553 753 2590 Ludovicus
793 2553 866 2602 iple

969 318 1079 354 soi-em
1123 319 1160 355 in
1201 321 1355 369 Imperio
1395 321 1577 356 decernere
1620 323 1737 360 voluit

971 370 1156 404 Lothasium
1181 370 1297 407 filiurn
1325 371 1443 407 suum.
1473 374 1509 406 ln
1533 374 1617 408 Vita
1639 375 1736 410 Wal-

969 421 1022 456 lae
1050 421 1232 466 Abbatis‚
1272 423 1405 470 publici
1445 423 1529 469 juris
1567 424 1657 460 sach
1694 426 1736 462 ab

969 471 1106 507 eximio
1146 473 1224 508 viro
1253 473 1412 517 Johanne
1448 474 1668 511 Mabillonio
1698 476 1736 513 in

969 522 1052 558 Au.
1090 523 1246 559 sanetor.
1274 525 1398 560 Ordin.
1437 525 1555 561 sanffi
1589 526 1736 564 Benedi-

966 573 1040 618 ξὶί,
1061 575 1168 609 Tom.
1187 587 1223 621 4.
1245 587 1322 623 pag.
1345 587 1429 622 512.
1450 575 1642 612 Lotharius
1662 577 1734 626 ipse

971 635 1103 672 patrem
1135 624 1234 660 suum
1264 625 1319 661 his
1355 627 1473 662 verbis
1510 628 1731 676 alloquitur:

969 679 1027 709 Me
1046 675 1209 720 confhrtem
1233 676 1332 709 totius
1350 678 1480 723 Imperii
1500 679 1660 720 Celsitudo
1677 694 1734 714 ve.

901 734 928 768 Β
962 725 1030 766 stra
1049 739 1114 761 una
1137 739 1205 760 cum
1228 728 1396 761 voluntate
1416 728 1532 774 Populi
1555 729 1733 771 constituit.

969 776 1071 811 Alibi
1109 776 1202 812 idem
1241 779 1392 825 repetit,
1420 778 1562 822 dicem,
1590 778 1622 815 se
1651 794 1733 815 con.

969 826 1128 862 stitutum
1157 828 1175 862 ὲ
1203 828 1392 863 Ludovico
1414 827 1611 874 Succeffbrem
1638 832 1734 865 totius

967 879 1174 912 Monarchiae.
1209 892 1276 912 cum
1305 880 1474 913 Voluntate
1508 881 1551 913 (J
1578 881 1733 926 Consensu

967 929 1121 963 onmium.
1148 930 1241 977 Ergo
1268 930 1301 963 S<
1329 929 1405 964 heic
1430 931 1632 978 excogitare
1660 932 1733 980 pos-

969 978 1104 1020 sumus,
1143 979 1239 1014 suum
1278 979 1376 1015 fuisse
1414 981 1530 1015 locum
1572 983 1732 1018 Romano

972 1029 1137 1065 Pontifici
1175 1043 1214 1065 ac
1244 1031 1459 1066 primatibus
1497 1032 1643 1077 Italiae,
1677 1047 1733 1069 eo-

968 1094 1033 1127 que
1069 1080 1203 1129 magis,
1233 1082 1325 1128 quod
1357 1096 1426 1116 non
1465 1092 1564 1118 antea
1599 1084 1733 1120 Lotlm-

968 1132 1038 1166 rius
1066 1133 1262 1180 appellatus
1298 1132 1343 1167 est
1373 1135 1594 1182 Imperator,
1627 1136 1732 1182 quam

923 1187 931 1219 J
967 1184 1146 1218 Coronam
1177 1184 1195 1218 ὲ
1228 1196 1334 1219 manu
1372 1184 1507 1220 Summi
1547 1185 1733 1221 pontificis

967 1234 1156 1281 receperit.
1191 1236 1373 1270 Servatum
1404 1249 1544 1283 quoque
1571 1237 1733 1272 eumdem

967 1284 1075 1320 ritum
1113 1285 1150 1320 in
1187 1285 1362 1321 electione
1398 1288 1557 1321 Lassae-ici
1592 1290 1635 1323 H.
1674 1301 1734 1336 par

966 1335 1009 1370 est
1039 1335 1195 1371 credere.

1017 1387 1069 1420 At
1106 1385 1296 1421 Ludovico
1327 1388 1372 1421 11.
1400 1388 1420 1422 ὲ
1451 1387 1547 1422 vivis
1576 1387 1644 1424 fine
1681 1389 1734 1424 so.

967 1436 1045 1470 oole
1071 1435 1229 1480 sublato,
1255 1436 1349 1471 inter
1374 1438 1497 1473 Caroli
1519 1439 1646 1487 Magni
1673 1453 1734 1485 po-

966 1485 1066 1521 steros
1105 1486 1227 1535 ingens
1257 1487 1382 1523 exarfit
1420 1488 1622 1532 diffidium,
1652 1503 1735 1525 con·

967 1536 1191 1572 tendentibus
1219 1536 1389 1584 lingulis,
1421 1548 1459 1573 ut
1490 1538 1551 1574 fibi
1585 1539 1735 1588 quisque

968 1587 1157 1633 Imperium
1197 1588 1439 1623 Romanorum
1479 1589 1659 1625 affereret.
1688 1593 1736 1625 E-

966 1636 1116 1684 jusmodi
1158 1637 1465 1684 opportunitatem
1507 1652 1578 1674 non
1620 1640 1733 1689 segnis

964 1687 1121 1734 captavit
1149 1687 1324 1730 johannes
1357 1690 1458 1724 VIII.
1491 1692 1604 1738 Papa,
1633 1693 1665 1726 &
1697 1706 1735 1728 u-

964 1752 1007 1773 na
1035 1751 1114 1773 cum
1143 1751 1184 1773 eo
1214 1738 1332 1774 Italici
1373 1740 1578 1789 Principes,
1608 1752 1647 1777 ut
1675 1756 1735 1779 ex-

964 1787 1062 1824 clufis
1101 1799 1302 1824 exterorum
1341 1790 1458 1835 votis,
1498 1791 1559 1839 ipsi
1600 1795 1734 1841 Regem

963 1841 996 1874 8<
1030 1839 1220 1888 Augustum
1252 1840 1442 1888 eligerent.
1470 1844 1734 1880 Intercurrente

964 1890 1074 1938 igitur
1103 1890 1251 1925 immani
1279 1890 1477 1935 donorum,
1498 1893 1532 1927 &
1563 1894 1732 1940 pecuniae

963 1940 1085 1989 copia,
1114 1941 1273 1987 pluribus
1301 1941 1410 1977 etiam
1439 1942 1634 1990 promiffiS‚
1664 1944 1733 1980 irn-

966 1991 1118 2040 petravit
1134 1995 1267 2026 Carolus
1281 1993 1407 2027 Calvus
1423 1995 1634 2029 Francorum
1655 1998 1731 2032 Rex

965 2044 984 2077 ὲ
1013 2045 1176 2078 Romano
1206 2043 1403 2088 pontifice,
1431 2044 1624 2092 ceterisque
1664 2049 1733 2082 Ita-

965 2093 1033 2129 liae
1073 2092 1320 2142 Principibus,
1349 2094 1386 2129 in
1417 2095 1568 2143 publicis
1607 2097 1734 2133 Comi-

966 2144 1026 2180 tiis
1056 2146 1216 2192 Regnum
1245 2145 1434 2189 Italicum,
1461 2144 1632 2194 simulque
1662 2150 1732 2183 Im-

966 2205 1179 2243 peratorzurn
1218 2208 1370 2239 nomen,
1408 2206 1513 2242 atque
1549 2199 1732 2234 Coronam

966 2248 1075 2281 Anno
1112 2247 1419 2282 DCCCLXXVI.
1452 2249 1562 2282 Extat
1598 2249 1731 2285 illustre

964 2296 1067 2345 hujus
1107 2298 1156 2333 rei
1195 2297 1446 2332 documentum
1484 2297 1522 2333 in
1559 2300 1731 2336 Concilio

964 2347 1089 2383 Ticini
1115 2348 1236 2383 eodem
1261 2350 1369 2383 Anno
1390 2348 1534 2393 habito,
1556 2350 1649 2398 quod
1671 2349 1733 2387 ha.

964 2399 1021 2434 bes
1052 2400 1144 2434 Part.
1174 2400 1219 2433 ΙΙ.
1251 2398 1362 2434 Tomi
1391 2401 1436 2435 11.
1475 2402 1554 2436 Rer.
1588 2400 1732 2437 Italica-

964 2462 1061 2485 rum.
1091 2449 1143 2484 Ibi
1175 2451 1373 2497 complures
1409 2450 1600 2499 Episcopi,
1631 2452 1732 2488 Prin-

963 2499 1124 2549 cipesque
1161 2499 1350 2536 saeculares
1387 2501 1505 2538 Italici
1545 2503 1659 2551 Regni
1688 2503 1727 2540 in

963 2564 1071 2588 unum
1099 2551 1236 2596 coafti,
1263 2553 1401 2589 narrata
1427 2552 1522 2602 prius
1552 2553 1726 2589 electione

1572 2602 1677 2653 ipfius
