2195 3032
466 204 550 256 >203
770 199 1162 257 ANTIQUIT.
1214 198 1441 241 MEDJJ
1480 198 1652 242 AEVJ
1878 220 1961 256 204

406 259 542 306 Regum
581 258 822 305 Diplomatis.
860 260 925 293 Ille
962 269 1070 294 etiam
1110 258 1242 308 ap-lAz⁴
1259 258 1338 293 dem
1367 257 1481 294 censet
1509 272 1587 294 cum
1615 257 1734 293 Comite
1761 259 1903 294 Palatii.
1940 265 2016 309 Ego

407 310 557 355 pellarus
584 309 852 352 A;·c.hi110tarius,
881 308 918 342 hi
946 309 1096 344 Notarii.
1126 311 1185 390 In'

405 359 612 405 Diplomate
629 359 806 394 Ludovici
826 361 871 393 Π.
890 360 996 395 Anno
1016 362 1166 396 DCCC·

405 410 484 444 LX.
522 409 614 443 inter
651 409 905 445 Additamenta
943 410 985 445 ad
1012 410 1162 447 Chroni-

407 469 470 492 con
493 458 714 494 casauriense
735 460 961 494 Trafflerimum
988 461 1072 505 sacri
1098 466 1159 497 Pa-

405 508 482 541 latii
507 509 767 543 Archinotarium
795 510 963 559 legimus.
991 511 1054 547 Sed
1083 511 1162 548 scri·

409 558 558 593 bendum
587 560 813 594 Trufflemirum
829 588 839 604 ‚
867 561 923 596 seu
946 561 1061 608 potius
1081 566 1162 597 Dru-

407 608 586 652 &emir-um,
615 609 676 656 qui
704 624 822 646 revera
842 610 908 646 hoc
930 612 1072 648 nomine
1092 612 1166 648 sub-

404 657 546 702 sefflbit,
567 660 599 694 3<
623 660 708 695 alibi
729 662 1036 697 Archi-cancellarius
1051 664 1163 711 appel-

403 708 515 743 latur.
538 712 752 745 Protouotarii
773 725 896 747 munus
919 712 1010 747 idem
1033 714 1051 747 ὲ
1079 726 1164 748 non-

402 759 512 793 nullis
534 758 632 794 fuiffe
653 761 806 796 creditur
827 773 930 808 atque
944 764 1163 797 Archicancel-

402 808 524 844 larius.
550 810 667 845 Plures
688 811 794 846 etiam
816 813 1025 858 Ctzppcllanos
1047 825 1164 848 nume·

402 858 500 893 rabat
536 861 630 895 Aula
668 861 797 909 Regia,
825 862 887 909 qui
915 862 1017 898 sacris
1045 876 1162 911 opera-

404 909 557 954 bantur,
595 909 785 959 divinaque
813 912 931 948 officia
957 912 1050 948 statis
1079 923 1164 948 tem-

405 959 549 1006 poribus
578 959 614 995 in
640 963 809 1010 Cappella
839 962 948 1012 Regia
976 964 1164 999 canebant.

402 1008 512 1045 Hisce
550 1021 703 1055 praeerat
736 1014 1068 1060 Arcbicappellanus,
1097 1013 1165 1049 five

403 1061 669 1106 fflcl›.''presbyter
689 1066 719 1097 F
721 1064 842 1098 rancide
856 1092 866 1107 ,
887 1064 942 1099 seu
963 1065 1165 1098 Primicerius

405 1110 515 1154 sacrae
551 1114 746 1159 Cappellae,
785 1114 881 1161 cujus
909 1114 1063 1162 dignitas
1091 1115 1157 1151 exi-

405 1160 507 1205 mia,
546 1164 643 1210 cujus
681 1164 870 1200 au&0ritas
908 1164 1028 1213 ingens
1066 1164 1164 1210 fuit,

404 1220 444 1245 ut
473 1213 596 1248 multis
623 1213 771 1249 ostendit
797 1215 1014 1251 Guilielrnus
1040 1217 1159 1261 Peyra-

402 1269 459 1294 tus
495 1261 533 1296 in
570 1265 773 1300 Comment.
811 1265 893 1301 Lib.
925 1267 949 1300 Ι.
978 1268 1065 1314 Cap.
1104 1270 1162 1302 26.

403 1311 492 1344 Eam
522 1324 661 1358 quoque
689 1314 726 1348 in
755 1328 826 1349 rem
856 1315 1058 1351 consulendi
1093 1318 1162 1352 Lu-

402 1360 551 1396 dovicus
590 1362 864 1407 Thomaffinus‚
902 1365 1138 1400 Mabillonius
1155 1391 1165 1408 ,

402 1419 508 1458 atque
534 1413 784 1461 DuCangius.
813 1416 994 1449 Sacrorum
1016 1413 1156 1462 ejusmo-

404 1461 441 1496 di
469 1462 714 1499 Ministrorum
748 1464 991 1499 Palatinorum
1028 1464 1164 1500 mentio

402 1524 543 1558 quoque
581 1513 626 1548 est
662 1514 699 1548 in
738 1513 873 1549 Italicis
902 1514 1162 1550 monumentis.

402 1562 614 1607 Reginarium
638 1565 867 1610 Cappellanum
889 1566 1085 1611 Imperatoris
1105 1564 1162 1600 ha-

403 1611 462 1646 bes
491 1612 526 1647 in
555 1626 664 1659 nuper
690 1614 832 1648 laudato
862 1615 1068 1661 Diplomate
1091 1617 1162 1650 Lu-

402 1661 523 1697 dovici
548 1664 592 1698 11.
614 1665 659 1698 Et
680 1663 717 1698 in
739 1664 871 1699 Charta
893 1664 992 1699 Anni
1015 1666 1164 1700 DCCC·

403 1714 538 1748 Lxm.
567 1714 721 1749 occurrit
751 1715 968 1749 Farimumlus
1004 1715 1164 1749 Diaconus

405 1763 448 1796 (9⁶
475 1764 692 1810 Cappellanus
718 1764 869 1813 ejusdem
898 1765 1067 1813 Augusti.
1106 1766 1161 1800 Ei.

402 1812 481 1848 dem
512 1815 746 1861 Imperatori,
784 1815 840 1850 cui
880 1817 1084 1864 plerumque
1115 1815 1161 1850 se-

404 1862 462 1898 des
490 1865 635 1899 Saeculo
663 1864 792 1901 Christi
822 1867 882 1900 IX.
908 1865 977 1901 fuit
1003 1866 1041 1902 in
1072 1867 1164 1901 Urbe

403 1913 513 1961 Regia
540 1914 695 1960 Ticino,
722 1915 838 1951 aderat
849 1917 970 1963 Joseph
988 1917 1163 1963 Archicap-

399 1964 575 2010 pellamus,
604 1974 644 2001 ut
672 1965 802 2001 constat
830 1980 871 2002 ex
900 1966 1004 2002 Affls
1032 1967 1162 2012 Synodi

404 2014 601 2050 Ticinenfis
616 2018 724 2051 Anno
737 2018 953 2052 DCCCLV.
966 2017 1055 2065 apud
1072 2018 1159 2053 Lab-

408 2065 510 2100 beum
539 2068 646 2101 Torn.
687 2069 720 2102 8.
748 2066 995 2103 Conciliorum
1015 2095 1022 2102 .
1061 2069 1161 2103 Cete-

403 2129 482 2150 rum
499 2117 804 2163 Archicappellanus
823 2118 840 2152 ὲ
857 2117 1053 2152 Walafrido
1074 2120 1161 2153 Stra-

411 2166 500 2201 bone
527 2169 613 2215 Cap.
643 2180 701 2214 31.
730 2167 771 2203 de
798 2168 964 2203 Exordiis
997 2171 1074 2203 Rer.
1101 2170 1164 2203 Ec-

405 2216 577 2252 clefiastic.
605 2217 737 2253 dicitur
762 2217 958 2253 Praefetstus
978 2219 1164 2252 Clericorum

408 2268 555 2311 eauffis„·
594 2281 714 2304 eorum
751 2268 881 2316 quippe
918 2268 1165 2304 controversias

368 2330 369 2333 ¹
405 2317 616 2353 dirimebat.
653 2319 877 2365 Apocrisart‘us
903 2319 1010 2354 etiam
1048 2320 1163 2368 appel-

407 2368 500 2401 latur
536 2368 577 2403 ab
621 2369 817 2405 Hincrnaro
858 2369 955 2417 saepe
995 2370 1163 2414 laudato,

407 2417 520 2453 immo
556 2419 589 2452 &
627 2421 752 2454 Palatii
787 2420 919 2463 Custos.
957 2421 1015 2455 Ab
1043 2420 1163 2455 eodem

405 2466 602 2502 walafrido
630 2480 844 2506 memoratur
870 2470 1006 2518 insuper
1038 2475 1163 2506 Praece-

1263 308 1437 344 diversum
1479 308 1660 358 suspicor,
1702 321 1810 356 quum
1850 310 2016 346 Aldricus

1266 359 1374 407 postea
1402 359 1602 395 Senonensss
1629 357 1922 407 Archiepiscopus
1941 388 1950 405 ,
1978 370 2017 396 ut

1265 409 1309 445 est
1337 410 1373 446 in
1401 411 1474 459 ejus
1503 411 1588 446 Vita
1616 410 1704 459 apud
1730 410 1955 446 Bollandistas
1976 411 2017 446 ad

1264 461 1357 496 diem
1394 463 1439 496 V.
1476 461 1594 505 Iunii,
1630 465 1811 508 Praeceptor
1846 461 2017 495 Palatinus

1264 510 1439 546 institutus
1464 511 1569 546 fuerit
1597 513 1614 546 ὲ
1642 511 1829 548 Ludovico
1855 511 1919 546 Pio
1941 512 2018 546 Au-

1263 560 1384 608 gusto,
1421 572 1456 594 ut
1490 562 1564 595 vita
1591 563 1767 607 Imperialis
1801 563 1937 604 Aulae,
1975 561 2017 594 &⁴

1263 611 1383 655 majora
1409 611 1534 657 negotia
1554 611 1631 655 suae
1666 611 1856 655 discretionis
1887 611 2018 645 arbitrio

1261 661 1502 705 diffinirentur.
1539 662 1610 696 Hic
1648 671 1763 696 autem
1791 674 1860 695 non
1888 664 2017 697 Comes

1268 710 1417 753 Palatii,
1454 709 1508 746 sed
1536 712 1753 745 Cancellarius
1787 710 1885 746 fuisse
1920 711 2017 745 vide-

1263 770 1337 796 tur.
1365 763 1470 796 Certe
1497 761 1693 797 Monachus
1721 761 1812 809 fuit3
1835 760 1937 797 L'aici
1958 773 2018 795 au-

1263 820 1360 856 tem,
1398 824 1468 846 non
1505 811 1665 855 Clerici,
1707 825 1848 847 munere
1884 810 2017 845 Comitis

1261 862 1387 896 Palatii
1413 861 1511 910 fungi
1540 862 1813 898 consueverunt.

1312 912 1348 947 Si
1377 912 1546 960 Ughellio
1574 911 1657 948 fides
1674 940 1683 956 ‚
1711 912 1851 948 fuerunt
1878 913 1911 947 &
1939 914 2017 945 Tro-

1262 963 1346 997 narii
1381 962 1475 997 inter
1509 962 1628 997 officia
1663 962 1822 998 Caesarei
1865 961 2015 996 Palatii.

1263 1012 1380 1048 Refert
1407 1012 1515 1047 etiam
1544 1012 1713 1059 Diploma
1740 1011 1862 1048 Caroli
1890 1010 2016 1058 Magni

1262 1065 1366 1099 Tom.
1389 1065 1414 1098 Ι.
1438 1064 1515 1097 Ital.
1537 1065 1626 1098 Sacr.
1652 1062 1689 1098 in
1717 1064 1832 1098 Catal.
1853 1060 2016 1109 Episcop.

1264 1113 1418 1148 Arretin.
1458 1114 1568 1146 datum
1607 1116 1662 1148 IV.
1700 1116 1811 1148 Nonas
1846 1111 2017 1153 Martias,

1225 1190 1229 1195 .
1260 1163 1429 1211 Trigesimo
1449 1164 1540 1197 tertio
1560 1165 1602 1197 (9²
1621 1163 1792 1210 Trigeslmo
1812 1172 1921 1209 quarto
1939 1164 2017 1196 „An-

1260 1228 1297 1247 no
1324 1214 1452 1261 Imperii
1478 1213 1588 1256 nostri.
1609 1215 1731 1249 Alvum
1751 1218 1869 1248 Romae
1893 1213 1927 1245 in
1954 1214 2016 1245 Ec-

1259 1264 1347 1305 clefia
1388 1264 1501 1299 Sanffi
1534 1265 1624 1298 Petri
1659 1264 1819 1310 Principis
1852 1261 2017 1308 Apostolo-

1261 1328 1326 1348 rum
1343 1342 1353 1358 ‚
1396 1315 1451 1348 ubi
1492 1313 1554 1360 ipse
1596 1315 1629 1348 in
1670 1325 1788 1361 corpore
1831 1312 2015 1359 requiescit.

1259 1366 1376 1407 Quare
1393 1363 1622 1411 Du-Cangius
1639 1365 1675 1399 in
1691 1365 1788 1399 suum
1804 1362 2016 1397 Glossarium

1261 1413 1385 1447 intulit
1413 1414 1600 1448 Tronarios.
1639 1414 1703 1450 Sed
1739 1422 1856 1461 parcat
1884 1411 2017 1460 Ughel-

1260 1462 1348 1505 lius,
1370 1462 1393 1497 fi
1414 1472 1612 1511 corruptam
1638 1464 1727 1513 apud
1747 1477 1825 1500 eum
1842 1463 1929 1498 hanc
1954 1476 2016 1498 vo-

1263 1526 1336 1548 cem
1365 1513 1536 1562 suspicer;
1559 1514 1637 1550 sunt
1657 1516 1751 1551 enim
1772 1514 1888 1550 crebra
1908 1511 2017 1548 nimis

1261 1564 1349 1598 vitia
1370 1563 1494 1599 horum
1516 1564 1642 1601 fimilia
1664 1566 1700 1601 in
1717 1564 1954 1601 monumentis
1973 1565 2014 1600 ab

1258 1627 1299 1648 eo
1321 1613 1517 1659 produffris.
1540 1617 1717 1651 Praeterea
1739 1616 1906 1664 nusquam
1927 1615 2013 1650 alibi

1258 1663 1410 1698 offendas
1436 1663 1471 1699 id
1500 1678 1606 1713 genus
1633 1666 1790 1702 Officii:-
1821 1679 1881 1701 cur
1908 1665 2014 1702 semel

1260 1723 1394 1749 tantum
1414 1742 1423 1758 ‚
1466 1714 1531 1750 hoc
1559 1717 1604 1751 est
1630 1716 1668 1751 in
1695 1730 1766 1752 uno
1792 1717 1859 1752 illo
1887 1715 2014 1764 Diplo-

1259 1773 1350 1799 mate
1378 1764 1552 1801 servatum
1580 1766 1686 1802 fuerit
1713 1781 1833 1803 eorum
1860 1767 2012 1803 nomen?

1257 1818 1375 1849 Notum
1394 1814 1441 1856 fit
1468 1815 1549 1863 (ita
1576 1817 1627 1852 ibi
1655 1816 1822 1866 scriptum
1841 1819 1853 1866 )
1874 1819 2015 1854 omnibus

1258 1865 1423 1912 Episcopis
1443 1893 1453 1909 ‚
1494 1868 1680 1902 Abbatibus
1699 1896 1709 1912 ‚
1751 1869 1917 1913 Ducibus,
1950 1872 2014 1904 'Cu-

1259 1916 1408 1960 mitibus,
1446 1917 1652 1959 Guastaldis,
1683 1919 1740 1963 seu
1775 1920 1905 1966 reliquis
1937 1923 2014 1955 Tro.

1262 1966 1382 2009 uariis,
1420 1968 1462 2000 (9³
1488 1968 1606 2002 cszlis
1624 1968 1780 2013 fidelibus
1809 1970 1918 2012 nostris
1945 1972 2013 2007 (9⁴5.

1260 2018 1335 2051 Aut
1365 2018 1524 2062 Vicariis,
1552 2028 1612 2054 aut
1638 2020 1746 2054 altera
1773 2019 1916 2067 propior
1943 2034 2014 2057 vox

1260 2066 1310 2101 ibi
1340 2066 1535 2103 scribenda.
1563 2068 1687 2114 Quid?
1724 2069 1815 2117 quod
1845 2071 2014 2118 Diploma

1259 2116 1347 2151 illud
1375 2118 1568 2154 commenti
1598 2118 1690 2167 signa
1726 2119 1881 2166 patentia
1918 2134 2014 2169 prae-

1259 2166 1344 2202 fert.
1377 2167 1468 2203 Vide
1495 2171 1607 2204 Notas
1636 2169 1934 2218 Chronologicas.
1955 2174 2014 2207 Sa.

1259 2218 1304 2252 tis
1321 2215 1398 2253 sunt
1419 2218 1459 2257 ad
1480 2218 1747 2266 dignoscendam
1768 2220 2013 2267 imposturam.

1262 2266 1333 2313 Ipse
1370 2268 1475 2303 etiam
1513 2271 1661 2306 Carolus
1703 2269 1908 2306 inscribitur
1941 2276 2014 2307 Rex

1260 2321 1449 2353 Francorum
1469 2320 1512 2353 Θ
1530 2324 1742 2355 Romanorum
1768 2333 1861 2368 atque
1887 2325 2014 2369 Lango-

1259 2370 1442 2405 bardorum.
1470 2372 1592 2418 Apage
1620 2372 1662 2404 (9¹
1679 2376 1909 2407 Romanorum.
1937 2373 2014 2408 Ab.

1261 2419 1378 2455 horret
1414 2419 1521 2455 etiam
1550 2422 1568 2455 *a
1599 2422 1839 2458 Cancellariae
1875 2423 2015 2458 Caroli-

1258 2483 1321 2506 nae
1349 2483 1444 2506 more
1470 2472 1604 2518 Signum
1624 2472 1744 2507 Karuli
1766 2473 1889 2519 Magni
1913 2476 2014 2520 Impe-

401 2528 474 2564 μον
498 2518 650 2565 Palatii,
678 2533 782 2569 quem
809 2521 1041 2571 Du-Cangius
1067 2535 1162 2559 eum-
1235 2521 1389 2567 iratoris,
1427 2530 1466 2558 ut
1493 2521 1562 2559 alia
1598 2523 1785 2560 omittam.
1824 2526 2010 2572 Propterea

1886 2571 1957 2611 nifi
