2195 3032
448 221 474 257 ἰ
482 214 543 271 ῖς

745 210 1140 270 ANTJQMT.
1199 210 1349 255 MED
1364 212 1426 255 11
1478 210 1606 256 ΑΕ»
1625 211 1654 255 1

1863 219 1952 264 116·

387 273 523 308 hannem
558 267 766 308 Sacellart'um
802 273 846 306 (9⁶
874 273 1080 314 Logothetam
1116 273 1151 308 in
1182 277 1210 310 A
1245 284 1303 308 21.
1331 272 1372 308 de
1403 271 1673 322 Fidejufforibus
1702 273 1780 310 Lex
1810 287 1869 324 24.
1898 279 2006 316 Liun

385 324 641 371 longobardiam
668 336 733 358 una
758 337 826 357 cum
850 323 1009 370 Adelgtfi
1031 325 1151 359 dudum

386 375 517 418 majoris
552 374 793 420 Longobardiae
829 378 940 421 Rege,
976 387 1065 421 quem
1099 377 1152 410 illi

385 427 582 460 Theodatum
605 425 754 459 dicebant
773 425 786 471 (
799 425 993 459 Theodorum
1005 454 1015 470 ‚
1038 436 1078 462 ut
1097 427 1144 462 vi-

386 475 487 519 disti,
525 475 629 511 habet
656 475 882 524 Tripartita)
921 477 965 511 ad
1000 478 1148 512 ultionem

386 527 605 571 inferendam,
626 526 659 567 fi
680 524 798 573 poffler,
827 527 860 561 in
885 529 1056 563 Carolum.
1085 529 1143 563 Vi-

384 577 450 612 den
479 577 557 613 heic
586 577 846 623 Langobardiam
872 580 893 612 ἂ
921 579 1035 624 majori
1061 583 1140 614 Lan<

380 629 537 674 gobardia
564 627 792 663 distinEiam?
828 629 947 664 Priore
975 630 1148 666 vocabulo

384 678 553 726 designari
575 678 717 714 videtur
739 679 855 726 portio
880 680 944 715 illa
970 682 1146 717 Beneven-

384 728 460 764 tani
483 731 665 772 Damus,
693 743 798 777 quam
821 729 919 778 supra
939 731 1145 781 innuimu33
1181 740 1206 772 Β

382 781 496 815 altero
524 779 703 830 integrum
732 781 898 816 Italicum
928 784 1109 831 Regnum.

435 831 601 880 Denique
631 833 749 869 locum
789 831 887 868 suum
925 832 1003 868 heic
1036 833 1147 882 poscit

381 882 417 916 <St
458 882 528 918 alia
569 881 809 930 antiquiffima
848 883 976 919 divisio
1008 886 1146 933 Lango-

383 933 546 977 bardiae,
583 934 667 982 quia
704 934 859 979 ipsorum
889 937 1024 983 Regum
1055 938 1144 971 Lan·

382 985 616 1032 gobardorum
647 994 760 1020 aetate
796 985 908 1030 fagia,
945 986 1012 1022 hoc
1039 986 1084 1022 est
1111 986 1146 1022 in

383 1036 552 1078 Austriam
567 1037 600 1071 &
618 1036 797 1079 Neustriam
809 1063 817 1072 .
835 1039 1047 1072 Francorum
1064 1051 1142 1085 quo·

382 1098 451 1132 que
480 1089 591 1136 Reges
618 1088 756 1122 Gallias
784 1087 821 1122 in
851 1087 919 1123 duo
950 1090 1068 1137 Regna
1097 1087 1147 1123 di-

381 1136 526 1182 visere,
567 1151 715 1185 quorum
755 1138 817 1173 uni
854 1139 1051 1183 Neustriae,
1092 1139 1148 1175 seu

380 1189 540 1224 franciae
555 1189 766 1224 Occidentalis
786 1203 913 1225 nomen
928 1218 938 1234 ,
959 1190 1061 1226 alteri
1073 1194 1143 1226 Au·
1174 1196 1206 1230 C

374 1238 503 1284 striae,
542 1239 599 1276 seu
636 1240 794 1275 Franciae
824 1241 1024 1284 Orientalis‚
1061 1255 1149 1289 quae

381 1288 509 1325 deinde
535 1291 734 1335 fflfirafia,
770 1290 860 1326 fuit.
900 1292 1059 1328 Nomina
1088 1292 1146 1327 ista

381 1338 487 1386 ipfius
518 1353 659 1388 quoque
686 1341 811 1377 Caroli
847 1342 976 1390 Magni
1012 1351 1143 1391 tempo-

384 1391 480 1426 ribus
517 1391 629 1426 adhuc
669 1391 866 1439 vigebant:
911 1393 941 1427 is
978 1393 1072 1427 enim
1112 1393 1147 1427 in

383 1441 563 1489 postremis
589 1441 657 1476 suis
678 1442 809 1476 rabulis
835 1442 968 1476 Carolo
989 1441 1068 1477 filio
1090 1441 1148 1477 suo

383 1492 531 1539 reliquit
558 1492 728 1534 Austriam
756 1492 800 1525 &⁶
826 1492 1006 1533 Niustriam
1033 1493 1047 1540 (
1070 1494 1149 1541 lego

384 1543 589 1590 Neustriam)
612 1551 650 1578 ut
679 1542 810 1577 constat
831 1556 873 1578 ex
896 1543 1146 1579 Du-Chesnio,

383 1603 489 1641 atque
527 1593 695 1629 Baluzio.
732 1593 862 1628 Eadem
901 1594 1039 1629 ratione
1074 1597 1147 1628 Au-

376 1644 502 1688 striae,
532 1644 587 1679 seu
616 1644 770 1678 Marchae
797 1643 970 1678 orientalis
996 1645 1148 1691 appella-

383 1695 437 1730 tio
463 1695 624 1741 (osterich
651 1694 874 1743 appellabant
901 1694 991 1729 olim
1020 1694 1147 1738 Johan-

381 1759 442 1781 nes
464 1746 668 1788 Villanius,
697 1745 831 1792 aliique
858 1745 932 1794 ejus
957 1745 1036 1780 aevi
1058 1745 1148 1780 Scri·

332 1817 342 1831 ι
382 1806 500 1844 ptores
530 1796 675 1844 Iralici)
704 1795 867 1844 imposlta
893 1795 938 1831 est
962 1795 1076 1831 nobili
1105 1796 1147 1831 il-

383 1847 410 1882 li
441 1847 644 1895 provinciae
671 1846 927 1890 Germanicae,
955 1860 1044 1894 quae
1072 1848 1148 1882 Au-

383 1898 590 1947 gustiffimae
617 1896 790 1933 Familiae
814 1897 1008 1946 Regnantis
1024 1899 1145 1946 'Impe-

383 1951 510 1984 rasoris
548 1950 741 1984 CAROLI
772 1950 835 1983 Vl.
866 1948 958 1984 unde
994 1957 1049 1983 tot
1086 1962 1146 1983 no-

383 1999 545 2035 biliffimi
569 1999 734 2035 Caesares
763 1999 991 2047 prodierunt,
1019 2012 1148 2047 eogno-

384 2064 464 2086 men
493 2051 612 2090 dedit,
640 2064 684 2086 eo
711 2050 806 2098 quod
835 2049 907 2097 ipsa
933 2050 1018 2085 effet
1045 2050 1148 2086 limes

384 2101 581 2137 Orientalis
608 2100 814 2137 Germanici
853 2100 987 2150 Regni.
1026 2102 1149 2148 Itaque
1183 2097 1209 2130 F

385 2151 523 2199 sequuti
551 2152 643 2187 hunc
669 2164 803 2187 morem
828 2151 1055 2200 Langobardi
1083 2154 1143 2187 Re-

386 2216 472 2251 geS,
510 2204 684 2251 appellare
719 2204 754 2237 ὅ(
792 2202 853 2250 ipfi
892 2202 1147 2239 consueverunt

384 2255 554 2296 Ausa-iam
580 2257 758 2289 Ducatum
786 2253 868 2289 Fori
893 2254 978 2298 Julii
994 2282 1003 2296 ‚
1030 2267 1069 2289 ea
1095 2253 1166 2289 ra-¹

385 2304 484 2340 tione
521 2305 640 2348 duffii,
676 2304 772 2353 quod
810 2304 839 2340 is
876 2305 917 2340 ad
949 2304 1147 2340 Ticinenfis

386 2356 517 2403 Regiae
554 2355 654 2390 situm
684 2355 881 2391 Orientalis
921 2356 1032 2405 Regni
1071 2369 1147 2405 pars

387 2405 488 2440 effer:
520 2407 699 2449 Neustriam
728 2420 833 2451 vern,
861 2421 949 2455 quae
974 2406 1144 2442 Occiden-

387 2465 458 2491 tem
480 2455 665 2504 respiciens
687 2458 913 2507 contingebat
935 2457 1022 2494 fines
1043 2460 1145 2494 Pran-

386 2507 454 2543 cici
483 2507 607 2556 Regni.
638 2509 732 2543 Inter
759 2506 869 2557 Leges
899 2509 1143 2558 Langobardi-

386 2571 441 2594 cas
456 2558 546 2608 apud
569 2558 876 2608 Lindenbrogium
901 2561 989 2597 Lib.
1012 2573 1045 2596 2.
1067 2561 1145 2596 Tit.

1245 323 1366 372 prandi
1395 323 1449 359 his
1474 325 1590 360 verbis
1617 336 1786 372 concepta
1810 327 1875 364 est:
1904 332 1942 364 Si
1969 331 2005 365 in

1242 375 1356 419 Istria,
1394 386 1451 410 aut
1487 376 1519 411 in
1549 377 1686 420 Austria
1709 377 1838 424 fuerit,
1874 381 2006 415 amittae

1241 425 1308 472 ipsa
1333 426 1468 473 pignora
1484 455 1494 470 ‚
1525 428 1567 461 Θ
1593 441 1653 462 non
1681 429 1796 464 habeat
1817 429 2007 474 facundiam

1243 477 1440 523 requirendi.
1478 479 1587 514 Porro
1614 479 1692 515 heic
1729 494 1801 516 non
1829 481 1923 525 Istria
1955 483 2006 518 le-

1243 528 1417 574 gendum,
1447 542 1559 576 neque
1597 531 1691 565 enim
1724 545 1877 580 unquam
1909 535 2005 569 Lan-

1242 578 1405 626 gobardis
1442 578 1561 615 datum
1601 580 1646 616 est
1674 581 1826 619 Histriae
1859 584 2006 633 provin-

1244 629 1334 663 ciam
1357 628 1435 664 fuae
1455 630 1642 679 adjungere
1662 633 1817 679 ditioni,
1838 635 1931 683 quod
1953 634 2006 670 so-

1243 680 1316 714 lum
1344 680 1498 729 contigit
1522 684 1655 718 carolo
1682 686 1838 733 Magno,
1864 685 2005 734 ejusque

1243 729 1321 764 filio
1352 732 1521 779 Pippino.
1554 734 1618 769 Sed
1646 735 1787 781 quidem
1818 736 2005 783 legendum

1243 781 1275 814 in
1296 782 1466 826 Neustria,
1492 793 1531 818 ut
1556 783 1660 820 habet
1680 786 1837 822 Goldasti
1858 786 2004 832 Editio,

1242 832 1275 866 δ(
1305 834 1428 869 Codex
1457 834 1621 880 Estmfis,
1658 850 1729 883 quo
1764 851 1828 884 ego
1864 836 1938 873 sum
1968 850 2005 874 u·

1246 881 1296 917 sus
1323 882 1359 918 in
1385 897 1476 920 nova
1498 887 1843 935 Langobardicarum
1866 891 2003 938 Legum

1244 933 1414 969 Editione
1443 937 1536 970 Part.
1565 939 1608 972 11.
1634 939 1745 974 Tomi
1774 941 1800 973 Ι.
1828 942 1905 975 Rer.
1937 943 2004 974 lta-

1242 984 1410 1019 licarum.
1441 987 1654 1032 Ignorabant
1673 988 1761 1024 olim
1784 989 1918 1025 ἰηόοξὶί
1942 990 2001 1026 Li-

1242 1034 1372 1078 brarii,
1400 1049 1571 1083 quaenam
1603 1052 1769 1087 umquam
1807 1039 1898 1075 foret
1928 1054 2003 1088 pro-

1243 1085 1360 1120 vincia
1386 1085 1470 1122 haec
1499 1088 1669 1133 Neussa-ia,
1695 1092 1727 1124 &
1756 1089 1842 1126 istud
1871 1104 2004 1139 praece·

1240 1135 1400 1171 dentium
1429 1138 1647 1187 Scriptorum
1688 1140 1844 1189 sphalma
1882 1152 2004 1190 putan-

1241 1196 1314 1231 tes,
1342 1188 1470 1229 [siriam
1507 1191 1727 1238 provinciam
1767 1191 1849 1228 satis
1884 1203 2004 1228 notam

1239 1238 1312 1286 ejus
1341 1239 1420 1274 loco
1449 1241 1656 1288 posuerunt.
1696 1242 1774 1278 Pari
1806 1256 1920 1279 errore
1952 1243 2006 1279 in-

1240 1298 1294 1323 ter
1319 1291 1542 1338 Capitularia
1575 1293 1756 1328 Editionis
1794 1294 2006 1329 Baluzianae

1239 1341 1347 1375 Tom.
1378 1343 1404 1375 Ι.
1435 1355 1510 1389 pag.
1543 1354 1625 1389 543.
1657 1344 1694 1378 in
1733 1346 1829 1391 Lege
1860 1344 2005 1392 Pippini

1240 1390 1347 1436 Regis
1373 1392 1498 1426 Italiae
1524 1393 1676 1440 legitur,
1701 1399 1774 1427 tam
1792 1395 1825 1428 in
1845 1395 2007 1438 affuslria,

1238 1441 1332 1484 qnam
1357 1439 1392 1472 in
1417 1440 1530 1482 Istria.
1551 1442 1758 1491 Legendum
1784 1445 1818 1478 8<
1845 1444 1896 1479 ibi
1919 1447 2005 1479 Neu-

1231 1489 1335 1531 stria.
1358 1489 1451 1525 Vide
1473 1504 1549 1541 pag.
1579 1505 1649 1529 120
1685 1494 1865 1530 Editionis
1891 1508 2008 1530 meae.

1238 1541 1406 1575 Ceterum
1428 1543 1608 1591 quousque
1637 1544 1669 1580 se
1692 1546 1913 1586 protenderet
1933 1549 2009 1581 ,Αἰκ-

1229 1589 1314 1631 stria
1350 1593 1641 1640 Langobardica,
1669 1596 1702 1630 ὅ(
1743 1596 1806 1644 qui
1843 1595 1930 1632 fines
1959 1596 2010 1632 fo-

1181 1659 1210 1690 Ι)
1237 1650 1314 1676 rent
1342 1643 1529 1687 Mastane,
1559 1658 1663 1680 nemo
1693 1646 1797 1681 facile
1825 1647 2010 1682 decernat.

1237 1692 1276 1725 In
1321 1690 1409 1727 hanc
1450 1707 1522 1728 rem
1564 1696 1814 1731 tantummodo
1852 1697 2009 1732 animad-

1239 1745 1424 1778 vertendus
1465 1744 1509 1779 est
1553 1746 1651 1781 locus
1693 1748 1809 1782 Paulli
1853 1747 2007 1783 Diaconi

1237 1792 1277 1827 de
1303 1793 1416 1828 Gestis
1447 1796 1711 1841 Langobardor.
1741 1798 1824 1835 Lib.
1852 1801 1897 1833 V.
1919 1800 2008 1846 Cap.

1238 1855 1296 1889 39.
1325 1844 1384 1880 ubi
1414 1858 1555 1881 narrans
1591 1847 1824 1884 rebellionem
1855 1849 2004 1884 Alachis

1239 1894 1347 1930 Ducis
1377 1896 1583 1933 Tridentini
1615 1908 1738 1934 conrra
1766 1899 2005 1935 Cunibertum

1240 1947 1394 1993 Regem,
1417 1947 1602 1997 ipsumque
1626 1951 1645 1985 ὲ
1671 1950 1806 1986 Ticino
1831 1949 2006 1997 dilapsum

1238 1995 1410 2042 scribens,
1450 1998 1561 2046 postea
1599 1999 1736 2035 subdit:
1777 2005 1840 2035 Per
1875 2003 2011 2036 Placen-

1238 2047 1317 2080 tiam
1359 2048 1392 2081 in
1431 2049 1602 2091 Aicslriam
1643 2051 1766 2094 rediit,
1801 2050 2012 2098 singulasque

1236 2098 1397 2132 Civitates
1425 2102 1545 2145 partim
1581 2101 1774 2146 blanditiis,
1801 2102 1922 2148 partim
1951 2102 2007 2136 vi-

1240 2148 1345 2192 ribus,
1366 2149 1433 2190 fibi
1453 2150 1554 2194 socias
1585 2151 1744 2195 anstivit.
1783 2156 1870 2188 Nam
1900 2153 2010 2187 Vicen.

1241 2199 1319 2233 tiam
1342 2200 1474 2234 veniens
1498 2202 1564 2235 &a
1595 2204 1670 2236 Inde
1695 2204 1799 2237 exiens
1824 2203 2012 2243 Tarvisium

1223 2250 1228 2274 ³
1237 2250 1401 2297 pervasit,
1424 2252 1500 2298 pari
1526 2255 1613 2286 modo
1640 2254 1683 2287 <9⁴
1710 2258 1847 2301 reltquas
1877 2254 2011 2288 civita-

1241 2312 1287 2335 tes
1322 2303 1390 2336 &a
1428 2304 1550 2348 Atque
1587 2303 1670 2339 hinc
1707 2305 1878 2353 Aquileia
1918 2305 2010 2340 olim

1242 2353 1417 2400 appellata
1441 2354 1596 2396 „Aiestriae
1621 2357 1730 2398 Urbs;
1755 2355 1854 2390 ficuti
1884 2356 1917 2391 &
1945 2358 2010 2390 Fa.

1243 2417 1308 2437 rum
1319 2404 1434 2449 sulii,
1456 2417 1546 2440 nunc
1569 2406 1709 2441 Cividal
1731 2407 1769 2440 di
1788 2407 1919 2451 Friuli,
1946 2419 2011 2441 no.

1243 2468 1321 2490 men
1342 2455 1518 2491 interdum
1543 2457 1628 2492 tulit
1648 2458 1809 2493 Civitatis
1827 2457 2005 2504 Aufidiae,

1242 2506 1308 2544 hoc
1336 2506 1381 2543 est
1407 2506 1583 2546 Civitatis
1604 2508 1827 2546 -Orientalis.

1888 2609 1953 2645 DE
