2195 3032
203 243 283 281 129
472 221 1026 269 D'ISSERTATIO
1079 226 1398 271 TERTIA.
1591 246 1672 287 130

134 289 222 323 mimz
257 298 350 334 atque
380 286 566 334 potiffimum
592 282 682 316 debet
708 279 764 327 effe
797 294 885 316 voca·
913 295 945 329 Α
976 283 1119 320 cedente
1162 286 1364 335 Principum
1407 287 1613 324 Italicorum
1663 290 1733 327 ele.

135 349 188 373 tus
213 348 306 384 atque
329 338 456 371 aecius.
485 334 549 368 me
573 342 689 367 autem
718 335 792 367 Rex
822 334 886 367 Ita-

135 388 204 423 liae
231 387 358 422 eur-&us
382 384 426 420 est
451 385 559 418 Anno
585 384 888 418 DCCCLXXIX.

189 437 264 472 Post
273 436 437 473 Carolum
449 433 605 469 Crassum
623 435 727 468 Anno
740 434 887 469 DCCC.

135 487 371 525 Lxxxvtss.
391 484 547 518 delatum
568 483 612 518 est
636 484 800 519 Italicum
823 486 884 519 Re-

135 550 240 587 gnum
269 534 459 581 Berengaerio
482 536 507 569 Ι.
536 534 628 570 Duci
657 533 886 583 forojulienfi

134 601 175 625 ex
211 586 432 634 Optimatum
470 586 707 633 complurium
744 585 886 621 elefitio—

131 650 174 674 ne
206 646 309 682 atque
342 634 532 679 consensu,
569 635 621 670 uti
661 635 697 670 in
735 635 886 683 ejusdem

134 685 346 734 Panegyrico
374 686 585 730 Anonymus
605 686 624 720 ὲ
645 685 783 721 Valefio
810 687 883 721 vul-

132 745 231 783 gatus
253 735 331 771 satis
351 735 470 771 innuit
483 763 491 778 ‚
512 736 546 769 8<
565 735 714 774 produnt
731 737 939 788 Annalesffl

131 785 306 822 Metenses
325 785 415 832 apud
440 784 705 821 Du-Chesnium
726 788 834 821 Tom.
854 798 887 834 3.

131 849 207 885 pag.
242 847 324 883 323.
361 836 576 880 Scriptorum
616 836 885 880 Framicorum,

131 887 191 922 ubi
220 886 302 921 haec
329 887 514 933 leguntur:
554 887 722 932 Quaedam
749 896 828 932 pars
856 889 882 921 Ι-

129 937 222 971 talici
255 937 371 982 Populi
408 937 634 982 Berengarium
661 935 772 979 filium
800 939 884 970 Eve-

131 987 262 1030 rhardi,
286 988 341 1033 qui
366 989 525 1021 ,Du-:atum
545 986 820 1029 Forojuiianorum
842 998 885 1020 te-

133 1038 226 1071 nebat
247 1064 257 1078 ‚
299 1041 417 1083 Regem
448 1036 513 1076 fibi
539 1036 717 1077 statuunt.
756 1039 887 1071 Verum

132 1087 238 1121 Cnido
264 1087 384 1134 Spoleti
411 1090 513 1130 Dux,
551 1086 728 1134 postquam
752 1086 887 1122 frustra-

133 1146 210 1171 tum
255 1136 287 1172 se
329 1136 422 1172 vidit
462 1136 673 1172 obtinendae
715 1137 890 1183 portionis

973 333 1113 379 ξὶίοηε,
1142 349 1184 371 an
1211 350 1253 372 ex
1280 351 1314 372 v¹
1344 351 1519 374 armorum
1548 338 1730 384 felicium,

976 385 1117 431 penuria
1156 387 1413 424 Historicorum
1452 390 1524 438 ejus
1562 393 1731 440 temporis

975 447 1037 470 nos
1074 435 1239 473 haetenus
1274 439 1398 475 rescire
1434 453 1502 475 non
1542 442 1641 478 fivit.
1678 446 1732 480 At

974 484 1010 519 in
1039 486 1200 523 Archivo
1236 488 1380 537 infignis
1415 492 1620 529 Monasterii
1649 496 1733 530 san·

973 534 1022 571 &ci
1049 538 1266 574 Columbani
1295 540 1495 587 Bobienfis,
1527 543 1612 580 bene
1640 543 1732 582 mihi

973 587 1125 631 accidit,
1146 598 1185 624 ut
1204 589 1293 624 olim
1314 591 1499 638 reperirem
1522 594 1614 630 Asta
1635 597 1732 632 Con-

973 637 1050 673 cilii
1087 638 1311 683 Ticinenfis‚
1346 654 1390 676 ex
1418 644 1545 689 quibus
1573 645 1730 690 constat,

972 686 1140 722 creditam
1185 688 1284 724 fuisse
1325 693 1545 729 necessariam
1587 696 1732 732 eleffio·

970 749 1049 772 nem
1083 738 1336 787 procerumque
1372 741 1595 779 consensum.
1632 748 1730 783 Haec

971 797 1089 822 autem
1125 788 1195 836 jam
1233 790 1368 839 accepit
1405 792 1536 828 Lecff’tor
1572 794 1607 829 in
1638 798 1729 832 Part.

973 839 1017 872 11.
1044 839 1156 874 Tomi
1193 840 1239 874 ΙΙ,
1269 842 1347 876 Rer.
1385 842 1500 877 Italic.
1529 846 1661 880 Verum
1690 860 1730 882 eo

971 888 1149 924 lubentius
1187 889 1304 924 eadem
1343 891 1456 927 rursus
1497 893 1576 929 heic
1620 895 1731 943 profe-

971 951 1070 982 ram,
1098 947 1202 984 atque
1230 940 1389 976 Eruditis
1418 955 1472 978 me
1500 957 1572 979 rem
1600 946 1732 994 gratio·

969 1001 1042 1023 rem
1081 988 1254 1024 faRurum
1297 992 1451 1038 putab0‚
1493 993 1728 1042 fragmentum

971 1038 1036 1073 hoc
1054 1039 1282 1086 antiquitatis
1302 1042 1431 1076 iterum
1451 1046 1640 1093 evulgans,
1661 1061 1732 1094 quo

971 1089 1101 1124 rariora
1137 1089 1217 1125 sunt
1252 1091 1326 1138 ejus
1363 1093 1440 1128 aevi
1476 1107 1733 1140 monumenta,

970 1140 1003 1174 &
1041 1138 1123 1174 hinc
1159 1140 1330 1177 obvenire
1366 1143 1428 1178 lux
1466 1145 1586 1192 aliqua
1624 1150 1733 1195 potest

131 1187 294 1223 francici
318 1187 451 1235 Regni,
468 1200 539 1234 qua
563 1186 685 1222 ἀυᾶυε
707 1187 889 1222 franciam
911 1197 942 1232 C
974 1189 1147 1225 Historiae
1183 1190 1329 1227 illorum
1367 1202 1566 1242 temporum
1595 1198 1628 1232 8<
1668 1201 1735 1235 Re..

133 1236 349 1281 intraverat,
377 1239 413 1272 in
444 1237 583 1272 Itaiiam
606 1237 746 1272 soiicite
765 1237 891 1286 regres-

132 1287 208 1330 sus,
236 1288 371 1323 beilum
399 1287 610 1336 Berengario
638 1287 890 1324 atrociffimum

131 1337 281 1386 intulit3
303 1337 550 1385 fortunamque
570 1337 752 1372 secundam
769 1352 887 1380 exper-

130 1396 210 1427 tus,
249 1391 407 1436 Regnum
446 1388 751 1435 Langobar-dicum
781 1388 888 1423 ferme

132 1446 249 1472 totum
277 1437 446 1483 arripuit.
483 1436 694 1472 Sumseritne
722 1437 784 1472 ille
811 1440 886 1472 Sce-

133 1496 272 1535 ptrum,
300 1486 516 1534 titulumque
542 1487 707 1535 Regalem
727 1500 770 1522 ex
794 1500 887 1535 prae-

236 2593 324 2625 Tom.
349 2591 378 2625 Ι.

971 1253 1052 1286 gum
1066 1267 1073 1274 .
1095 1242 1148 1275 En
1169 1254 1251 1289 ergo
1274 1243 1463 1279 Decretum
1483 1247 1644 1283 Concih’i
1667 1251 1734 1285 Ti.

971 1290 1138 1334 cinenfis‚
1176 1292 1237 1327 ubi
1273 1293 1404 1328 eleFtus
1441 1294 1486 1330 est
1521 1297 1661 1343 Cnido,
1697 1303 1732 1335 δε

975 1354 1041 1375 una
1069 1353 1147 1375 cum
1176 1341 1242 1377 illo
1269 1345 1432 1379 Canones
1469 1345 1611 1392 quidam
1629 1376 1638 1391 ‚
1677 1350 1732 1386 seu

975 1390 1143 1436 Capitula
1180 1392 1219 1426 ea
1253 1392 1433 1428 occafione
1468 1396 1513 1430 ab
1549 1398 1734 1449 Episcopis

974 1439 1179 1475 constituta.

1060 2593 1079 2629 1
1585 2595 1682 2635 Aeta
