2195 3032
231 227 312 268 549

517 210 1066 253 DISSERTATIO
1137 212 1416 255 SEXTA.

1640 232 1721 273 350

219 274 291 320 ,Ego
309 271 560 319 Aldeprandus,
588 271 643 316 qui
669 270 762 304 Bello
781 269 852 314 sum
872 283 925 303 vo·
958 278 991 312 A
1020 269 1117 317 regio
1138 283 1175 306 ac
1203 271 1365 307 Marchia
1393 271 1565 321 designata
1593 274 1680 310 olim
1708 275 1778 313 fue-

271 334 379 366 catus,
406 321 558 357 Notarius
573 320 658 366 sacri
677 321 802 354 Palatii
830 321 921 354 inter-

265 374 345 419 fui,
383 374 424 406 (θ’
459 370 555 416 hujus
590 371 800 414 Investiturae
834 374 926 406 breve

264 422 391 469 scripsi.

221 475 387 509 Marcbmn
414 485 553 521 quoque
581 473 688 507 Firmi
715 485 784 508 non
823 471 926 508 semel

171 539 234 572 ego
262 525 563 560 commemoravi.
602 526 648 558 Et
686 523 841 572 profeSio
871 537 925 558 an-

167 576 265 622 tiqua
294 573 338 608 est
366 574 463 609 illius
491 575 668 611 institutio
692 588 730 609 ac
751 574 926 622 dignitas.

167 628 244 662 Leo
264 623 476 660 Marficanus
498 627 580 662 Lib.
604 639 635 661 2.
656 627 742 674 Cap.
759 632 792 661 ὁ.
815 625 923 660 Chro-

166 676 238 711 nic.
280 673 453 710 Cafinent.
498 677 634 724 praedia
673 686 926 711 commemorat

168 725 276 775 posita
304 727 336 759 in
364 726 525 761 comitatu
554 727 759 771 Ᾰίακῆεαηο,
789 741 840 761 nec
867 740 925 760 non

168 778 211 811 (9‘
241 776 386 811 Marcha
414 778 596 821 firmana,
625 779 668 811 (θ’
696 781 820 812 Ducam
846 780 917 824 Spo-

166 829 281 863 letina.
312 829 432 862 Petrus
460 842 599 876 quoque
630 828 823 872 Damiani‚
861 827 922 875 qui

166 880 289 915 Seculo
307 878 436 914 Christi
459 880 657 915 Undecimo
675 878 796 914 floruit
809 906 818 922 ‚
840 878 922 913 haec

165 929 336 964 scribebat
373 930 410 965 in
448 930 532 965 Vita
571 929 688 965 Sancti
732 929 920 964 Romualdi

165 982 252 1026 Cap.
291 992 348 1027 30.
385 981 426 1015 de
463 983 598 1016 Ottone
637 982 700 1015 ΙΙΙ,
738 980 921 1028 Augusto,

165 1030 348 1066 conditore
376 1031 581 1066 Monasterii
610 1030 726 1066 Sancti
753 1031 919 1065 Adalber-

166 1082 195 1117 ti
240 1084 451 1117 Ravennae·
494 1082 557 1116 Cui
593 1082 740 1128 contigua
776 1081 924 1115 Coenobii

164 1131 330 1176 Claffensz's
354 1132 513 1179 praesidia
540 1132 692 1175 contulit,
731 1132 774 1165 (9⁴
799 1145 836 1166 ea
856 1131 922 1173 fibi

164 1197 200 1217 ex
227 1182 336 1227 fiscali
368 1181 539 1230 poffeffione
576 1183 609 1216 in
643 1181 816 1223 Firmenfis
850 1185 917 1217 Mo-

164 1234 309 1268 narchiae
333 1235 480 1280 partibus
501 1233 763 1280 recompensavit.
793 1233 921 1280 Supine

162 1283 336 1320 nimium.
366 1285 514 1333 Corrige
542 1297 580 1318 ac
608 1283 743 1319 scribe:
784 1284 817 1317 in
846 1285 916 1318 Fir.

165 1335 276 1376 mensis
295 1335 482 1369 Marchiae.
511 1333 638 1369 Itidem
661 1336 748 1381 Cap.
770 1345 830 1381 35.
853 1337 906 1370 Ro

164 1384 323 1421 mualdus
351 1384 392 1420 ad
420 1384 605 1420 camerinae
639 1385 829 1419 Provinciae
863 1390 920 1419 Co-

164 1436 254 1471 mites
283 1435 411 1471 veniffe
438 1435 591 1479 dicitur,
629 1435 688 1470 ubi
727 1434 919 1471 constru&0

163 1485 378 1522 Monasterio
396 1514 405 1527 ,
442 1486 623 1527 Clericos,
653 1485 713 1533 qui
740 1496 796 1532 per
822 1496 919 1520 totam

162 1537 253 1571 illam
274 1537 493 1572 Monarchiam
517 1548 573 1584 per
596 1536 760 1583 pecuniam
780 1536 916 1572 ordina-

162 1586 191 1622 ri
215 1586 392 1631 solebant,
422 1587 652 1635 corripiebat.
674 1588 720 1622 Et
741 1586 818 1622 heic
840 1586 915 1623 scri-

162 1638 203 1673 be
230 1638 441 1672 Marchiam:
480 1637 549 1672 fuit
585 1637 679 1673 enim
709 1637 796 1673 olim
825 1640 914 1672 Μαν-

161 1689 228 1723 chia
272 1701 411 1737 quoque
447 1689 629 1723 Camerini.
674 1690 796 1736 Neque
837 1687 918 1724 satis

159 1739 300 1786 liquet,
338 1752 378 1773 an
409 1751 516 1784 quum
545 1738 704 1774 audimus
741 1740 920 1774 Marchiam

161 1790 346 1831 Camerini,
374 1789 554 1824 Marcht'am
583 1790 709 1829 Firmi,
738 1791 919 1825 Marcbt'am

161 1844 340 1883 Anconae,
377 1840 531 1874 eamdem
561 1840 739 1879 regionem
779 1840 838 1876 sub
866 1841 915 1876 di-

162 1890 264 1926 versis
294 1889 495 1925 nominibus
525 1890 727 1926 habeamus.
761 1893 851 1926 Nam
882 1905 917 1927 u-

162 1943 190 1977 ti
221 1941 372 1975 Marchia
408 1941 581 1981 Tarvisina
610 1955 677 1976 non
707 1942 774 1976 alia
804 1942 870 1977 fuit
899 1944 917 1977 ὲ

161 1993 312 2028 IWarcbt'a
342 1991 528 2036 Veronensi,
567 2005 628 2040 pro
655 1992 825 2027 varietate
855 1992 916 2028 sci-

161 2043 245 2079 licet
287 2052 509 2088 temporum,
551 2056 589 2078 ac
627 2042 701 2078 sede
737 2042 916 2078 Marchio-

161 2107 267 2136 num,
296 2093 345 2128 ita
366 2093 473 2129 etiam
500 2093 683 2143 contigisse
712 2093 850 2142 potuit,
879 2102 918 2130 ut

162 2144 223 2181 sub
252 2144 363 2182 tribus
399 2143 604 2183 nominibus
633 2157 699 2182 una
728 2144 918 2193 eademque

1021 319 1095 362 rit,
1133 321 1262 357 additis
1296 325 1433 358 tantUm
1463 333 1522 359 aut
1550 325 1671 362 excifis
1699 327 1780 364 inde

1021 370 1159 418 aliquot
1187 373 1295 408 locis.
1333 376 1379 409 Et
1407 375 1575 422 quoniam
1604 376 1640 411 in
1670 379 1780 415 Anti-

1020 421 1216 468 quitatibus
1248 424 1437 460 Estenfibus
1475 427 1664 464 memoriae
1702 443 1778 475 pro-

997 471 1092 532 ¹didi
1111 501 1120 516 ,
1151 474 1378 510 Marchiones
1407 476 1583 512 Atestinos
1613 481 1779 515 fissttbiae

1018 526 1242 559 Anconitanae
1277 525 1478 562 dominatos
1515 527 1634 573 fuisse,
1672 545 1776 578 quem

1018 574 1166 609 titulum
1187 575 1241 611 isti
1268 575 1328 612 diu
1349 578 1454 612 etiarn
1478 578 1673 620 retinuere,
1703 595 1777 617 mo.

1019 625 1197 661 numentis
1225 635 1308 662 tunc
1346 628 1382 663 in
1411 629 1484 676 ejus
1511 630 1560 665 rei
1594 631 1778 669 confirma-

1018 674 1152 709 tionem
1182 676 1361 722 adduEtis,
1391 692 1482 715 nova
1510 693 1601 715 nunc
1628 682 1777 729 adtexo,

1019 737 1060 760 ex
1090 725 1251 762 Archivo
1279 728 1403 764 Estenfi
1432 730 1633 778 depromta.

1068 778 1302 824 Exploratum
1340 780 1405 825 est,
1443 781 1603 829 illudque
1639 784 1671 817 &
1711 798 1775 834 eg·

1014 825 1051 860 in
1064 826 1190 863 eisdem
1202 829 1494 878 Antiquitatibus
1506 832 1633 868 ostendi
1649 861 1658 877 ‚
1678 836 1774 871 Mar-

1017 876 1132 912 chiam
1162 877 1258 914 istam
1278 907 1288 923 ,
1326 882 1419 928 quod
1447 883 1478 917 ei
1508 883 1708 919 dominrtus
1737 899 1775 920 o.

1017 927 1079 962 lim
1110 927 1216 964 fuerit
1245 933 1431 966 Warnerius
1458 932 1576 980 (five,
1615 935 1707 981 quod
1746 937 1775 972 i-

1016 978 1093 1012 dem
1131 978 1201 1023 est,
1242 983 1465 1029 Guarnerius)
1508 984 1651 1019 natione
1688 988 1775 1022 Ger-

1017 1040 1160 1072 manus,
1187 1040 1347 1078 coeptam
1370 1031 1468 1068 suiffe
1493 1035 1661 1082 appellari
1679 1039 1774 1071 Mar·

1017 1079 1119 1113 chiam
1149 1082 1342 1117 Guamerii.
1382 1085 1422 1118 In
1459 1084 1634 1133 originem
1673 1086 1776 1136 hujus

1017 1129 1172 1165 nominis
1201 1131 1335 1167 erudite
1363 1132 1564 1180 inquirebat
1584 1136 1717 1172 amicus
1737 1152 1776 1173 o.

976 1193 985 1201 *
1016 1180 1081 1215 lim
1119 1193 1215 1216 meus
1254 1184 1298 1217 D.
1328 1184 1459 1232 Gaspar
1498 1187 1657 1223 Berettus
1693 1189 1776 1224 Mo.

1016 1230 1145 1267 nachus
1164 1233 1412 1270 Benediffinus
1429 1236 1465 1271 in
1484 1237 1660 1275 Dissertat.
1680 1239 1777 1275 Cho-

1016 1282 1220 1330 rographicfi
1257 1285 1446 1333 praeposita
1474 1288 1593 1323 Tomo
1624 1292 1665 1325 X.
1694 1292 1774 1327 Rer.

1017 1332 1240 1368 Italicarum.
1278 1335 1364 1370 Veri
1401 1347 1516 1373 autem
1556 1338 1666 1376 {imile
1703 1341 1774 1386 est,

1017 1382 1170 1430 primum
1197 1384 1300 1433 hujus
1335 1387 1492 1424 nominis
1528 1390 1776 1428 Niarchionem

1016 1433 1053 1467 in
1091 1447 1129 1469 ea
1170 1435 1314 1484 regione
1357 1436 1554 1475 institutum
1598 1441 1697 1478 fuisse
1733 1444 1775 1479 ab

1015 1485 1173 1521 Henrico
1201 1487 1295 1522 inter
1321 1489 1495 1537 Augustos
1519 1492 1647 1528 Tertio
1672 1496 1776 1529 Guar-

1015 1535 1135 1569 nerium
1161 1537 1265 1572 illum
1282 1565 1291 1581 ,
1320 1539 1417 1587 cujus
1446 1542 1581 1577 mentio
1610 1543 1655 1579 est
1682 1545 1772 1593 apud

1015 1585 1234 1634 Sigebertum
1271 1588 1309 1623 in
1346 1590 1503 1627 editione
1540 1593 1697 1643 Miraeig
1738 1597 1772 1631 δί

1015 1637 1075 1683 qui
1105 1636 1247 1673 circiter
1272 1641 1419 1675 Annum
1448 1642 1576 1678 Christi
1605 1646 1692 1680 MC.
1720 1646 1773 1681 vi·

1018 1685 1091 1721 xit.
1130 1689 1266 1736 Nempe
1294 1691 1463 1727 acciderit
1490 1694 1703 1731 turbulentis
1731 1696 1774 1732 iis

1016 1739 1254 1785 temporibus,
1277 1749 1315 1775 ut
1334 1741 1533 1778 Marchiarn
1555 1745 1654 1780 illam
1677 1747 1774 1782 Hen-

1016 1788 1107 1823 ricus
1135 1789 1307 1825 Mathildi
1345 1792 1574 1839 Comitiffae,
1612 1797 1774 1834 Duciffae

1016 1839 1187 1884 Tusciae,
1215 1840 1404 1888 eripuerit,
1433 1844 1464 1877 8<
1488 1846 1683 1881 Guarnerio
1706 1847 1772 1883 mi-

1015 1889 1074 1925 liti
1112 1889 1172 1925 suo
1212 1891 1396 1939 regendam
1437 1894 1625 1931 tribuerit.
1665 1899 1772 1934 Porro

1015 1940 1055 1974 ad
1074 1940 1163 1976 hunc
1179 1940 1292 1988 ipsum
1311 1943 1483 1989 pertinere
1499 1946 1650 1982 arbitror
1661 1947 1772 1984 Char.

1012 1999 1081 2025 tam
1113 1991 1350 2027 authenticam
1371 2021 1380 2036 ‚
1418 2009 1521 2043 quam
1551 1997 1638 2032 mihi
1669 1999 1771 2035 obtu-

1011 2042 1055 2076 lit
1081 2041 1279 2077 Archivum
1309 2043 1464 2088 Eflense,
1493 2047 1582 2082 unde
1603 2048 1643 2084 ad
1671 2049 1770 2086 illius

1015 2092 1222 2130 Provinciae
1249 2094 1442 2132 Historiam
1480 2098 1542 2133 lux
1571 2099 1688 2149 aliqua
1716 2113 1770 2136 ae-

1011 2143 1128 2180 cedet.

1604 2598 1716 2636 thar-
