2195 3032
472 218 561 283 ‘459

721 208 1160 270 ANTIQUIT.
1221 206 1476 253 MEDJI
1530 207 1727 253 AEV!
1804 196 1830 211 ”

1892 221 1980 271 ’460

409 285 525 331 Jalu,
551 288 658 326 atque
683 274 869 325 Spoletum)
899 273 936 308 in
964 271 1044 320 ipsis
1074 269 1179 305 Duci-
1220 272 1248 305 A
1280 269 1470 316 pellatione
1496 271 1663 305 Marchiae
1681 269 1851 308 donatur.
1875 277 2038 313 cadolach

420 335 482 371 bus
511 332 761 369 continuatum
793 324 869 373 est3
910 323 947 358 in
994 322 1038 358 iis
1066 330 1201 357 autern-

420 381 622 421 Provinciis
640 408 650 424 ‚
678 392 766 427 quae
792 377 813 411 ὲ
842 374 999 423 pluribus
1027 372 1180 409 Comiti-

422 437 484 472 bus
513 432 749 482 regebantur,
786 427 925 463 nullum
954 423 1015 459 fibi
1049 422 1177 459 Praefe-

423 486 519 523 &um
567 492 703 531 praeter
744 482 875 527 Regem
917 474 1185 524 agnoscentibus

425 536 570 585 (quales
595 532 655 568 sub
677 531 830 581 Regibus
852 525 1093 576 Langobardis
1113 527 1172 560 Tu

427 588 522 630 scia,
565 583 671 621 Litus
714 581 912 623 Italicum,
951 579 988 612 δε
1029 575 1186 611 Insubria

429 637 526 674 fuiffe
554 634 747 682 videntur)
775 632 869 667 inter
896 629 1100 666 Civitatum
1131 631 1186 662 Co-

430 689 520 724 mites
560 686 701 722 demum
739 682 893 719 delefi’ms
929 679 975 717 est
1012 678 1192 728 potentior

431 749 537 787 atque
564 737 735 774 illustrior
752 764 762 780 ‚
790 734 852 784 qui
881 730 1078 768 Marchionis
1105 730 1188 765 titu-
1234 729 1261 763 B

430 792 466 826 lo
494 788 618 825 ceteris
648 785 832 837 praeeffet,
868 786 903 820 ὃ(
941 780 1189 818 au&0ritatem

431 840 468 878 in
496 839 693 877 universam
733 835 959 874 Provinciam
987 841 1186 868 exerceret.

432 893 471 928 Id
501 891 615 941 primo
642 890 680 926 in
708 887 854 925 Francia
888 885 1032 923 Saeculo
1060 882 1189 919 Christi

435 945 544 981 Nono
581 940 737 990 usurpari
774 948 964 988 coeptum,
1001 935 1126 971 deinde
1153 934 1189 970 in

435 994 565 1030 Italico
603 996 755 1040 Regno;
793 1003 900 1038 eaque
937 986 1126 1024 auctoritas
1154 998 1193 1021 ac

436 1044 592 1094 dignitas
629 1043 674 1080 iis
711 1042 840 1078 collata
877 1040 943 1084 est,
981 1048 1019 1074 ut
1056 1036 1197 1086 lingulis

437 1094 666 1138 Comitibus‚
695 1092 874 1140 totiusque
900 1088 1109 1127 Provinciae
1136 1087 1196 1124 ho-

438 1145 596 1182 minibus
632 1144 872 1191 imperarent.
915 1145 955 1177 In
992 1140 1091 1189 supra
1128 1152 1197 1175 me-

439 1205 578 1232 morato
606 1194 735 1230 Edieffi
758 1192 937 1229 Ludovici
967 1191 1022 1227 Pii
1049 1203 1110 1238 pro
1131 1190 1198 1226 Hi·

439 1246 554 1296 spanis
582 1247 666 1281 haec
703 1244 879 1291 legimus:
919 1245 956 1278 In
985 1241 1121 1276 Marcha
1147 1254 1199 1275 no-

431 1300 502 1341 stra
519 1325 530 1341 ‚
559 1296 656 1341 juxta
684 1295 905 1329 rationabilem
932 1292 1069 1337 ejustlem
1095 1292 1196 1325 Comi-

439 1349 482 1383 tis
523 1346 779 1387 ordinationem,
820 1342 964 1377 excubiam·
999 1342 1100 1384 facere
1141 1353 1201 1374 non

442 1398 631 1446 negligant.
669 1397 715 1430 Et
752 1392 871 1442 infra;
909 1393 971 1427 Ad
998 1391 1131 1426 Comitis
1152 1391 1206 1435 sui

442 1450 573 1484 mallum
601 1447 696 1495 (hoc
724 1445 768 1481 est
787 1473 797 1489 ,
834 1445 875 1480 ad
905 1442 1045 1493 publica
1074 1441 1205 1489 judicia

443 1501 484 1536 ab
526 1498 602 1548 ipso
644 1495 790 1532 Comite
831 1494 982 1542 habita)
1024 1492 1208 1527 omnimodis

442 1551 552 1585 venire
568 1562 629 1583 non
645 1548 800 1592 recusent.
822 1548 877 1582 En
898 1543 1083 1580 Marchiae
1106 1544 1203 1578 Prae·

444 1601 574 1637 &filum
596 1599 772 1645 Comimn3
802 1609 906 1644 atque
934 1595 1017 1630 hinc
1045 1593 1203 1628 Marchio.

446 1653 495 1686 nis
522 1651 648 1686 titulus
668 1649 701 1684 ei
723 1647 861 1683 additus
882 1645 970 1681 fuit.
999 1648 1053 1680 Ita
1074 1645 1110 1680 in
1136 1645 1206 1678 An·

446 1702 584 1737 nalibus
622 1697 816 1748 Reginonis
845 1696 886 1732 ad
916 1699 1061 1731 Annum
1092 1696 1205 1730 DCC·

447 1754 578 1789 XClX.
619 1749 752 1798 legenti
790 1746 969 1783 occurrit:
1015 1747 1110 1780 Wido
1147 1748 1204 1779 Co-

447 1816 530 1847 mes,
555 1801 611 1849 qui
637 1802 670 1835 in
693 1802 807 1834 Marcu
834 1797 1028 1833 Britanniae
1052 1796 1205 1843 praefide-

447 1855 520 1889 hat.
557 1852 630 1889 Hic
659 1860 774 1886 autem
804 1849 841 1884 in
869 1847 1069 1883 Annalibus
1099 1846 1202 1895 Egin-

447 1903 570 1947 hardi,
607 1901 675 1937 five
713 1897 1062 1936 Laureshamenfibus
1091 1898 1206 1945 appel-

448 1956 541 1990 latur
582 1953 677 1989 Wido
719 1954 847 1994 Comes,
889 1957 994 1996 atque
1029 1948 1210 1992 PraeseHus

449 2004 632 2042 Britannici
675 2003 821 2038 Limttts.
861 2000 988 2035 Rursus
1016 1999 1054 2034 in
1082 1999 1137 2034 his
1165 1998 1206 2034 ad

449 2057 597 2092 Annum
644 2052 952 2089 DCCCXXVlIl.
995 2062 1208 2085 commemo-

450 2116 565 2143 ratum
593 2104 712 2140 videas
740 2102 942 2138 Baldericum
970 2103 1087 2135 Ducem
1114 2102 1209 2135 Foro·
1245 2112 1273 2144 E

447 2156 640 2204 julienscm,
678 2154 745 2190 hoc
773 2152 818 2188 est
845 2155 961 2187 Ducem
982 2179 991 2194 ‚
1030 2151 1091 2198 qui
1130 2153 1211 2186 Pro-

452 2207 593 2243 vinciae
621 2202 850 2253 forojuliensi
890 2201 1086 2238 Praefectus
1113 2211 1211 2236 erat.

451 2259 501 2294 Et
545 2256 781 2293 nihilominus
822 2253 939 2289 decem
982 2261 1062 2288 ante
1103 2265 1211 2288 annos

454 2308 636 2344 laudatum
663 2306 796 2342 ibidem
833 2303 1122 2345 deprehendimus
1149 2307 1208 2338 Ca-

456 2358 582 2393 dolaum
622 2357 800 2399 Comitem,
838 2356 881 2389 (θ’
916 2357 1047 2389 Μανεαε
1082 2353 1212 2399 foroju-

457 2407 565 2448 liensis
600 2407 821 2452 PraeseHum.
860 2407 997 2453 Nempe
1032 2403 1091 2439 hic
1128 2404 1212 2440 titu-

458 2458 532 2494 lum
562 2470 700 2505 quoque
736 2456 835 2505 geffit
862 2456 1020 2499 Comitis,
1057 2468 1095 2490 ac
1124 2458 1212 2490 Illar-

458 2508 603 2544 chionis.
639 2507 702 2542 Sed
730 2509 764 2542 δ(
793 2507 884 2542 idem
914 2509 1023 2541 Anno
1060 2505 1214 2553 sequenti

461 2559 655 2609 appellatur
682 2560 780 2601 Dux,
807 2556 947 2606 ejusque
975 2559 1132 2594 Ducatus
1159 2570 1213 2607 ap-

1283 322 1358 353 Dux
1384 319 1612 367 Forojuliensis
1633 322 1720 366 febre
1746 333 1900 371 correptus
1919 326 1952 360 in
1973 328 2043 374 ipsa

1286 371 1438 406 Marchia
1475 372 1622 418 deceffit.
1660 374 1714 409 Ita
1754 373 1791 409 in
1837 376 2045 423 Diplomate

1287 421 1485 469 Berengarii
1503 424 1528 456 1.
1546 424 1716 472 Augusti,
1734 426 1842 461 Anno
1862 427 2046 463 DCCCG·

1291 473 1420 528 XXlH.
1447 474 1568 508 Tomo
1594 477 1638 509 V.
1666 477 1746 511 Ital.
1775 479 1865 513 Sacr.
1892 478 1931 513 in
1961 479 2047 526 Epi-

1289 531 1396 578 lcopis
1425 524 1687 561 Bellunensibus
1715 539 1931 565 memoratur
1950 533 2048 565 Mar-

1286 572 1353 607 clna
1388 573 1467 629 Fosi
1492 574 1610 618 Julii.
1649 576 1749 612 Paria
1785 579 2047 617 animadvertas

1289 635 1324 658 in
1354 624 1511 658 Ducibus
1539 625 1674 671 Spoleti
1702 640 1741 662 ae
1767 629 1918 667 Tusciae
1935 659 1946 675 ,
1984 631 2050 680 qui

1290 686 1380 708 nunc
1408 675 1532 718 Ducis,
1569 688 1660 712 nunc
1687 680 1906 724 Marcbionis,
1938 683 2051 718 inter-

1290 726 1372 760 dum
1415 725 1524 760 etiam
1568 729 1702 763 Comim
1739 730 1848 767 titulo
1887 732 2050 781 insigniti

1292 785 1497 833 cernuntur.
1526 777 1566 811 In
1591 778 1720 815 Tuscia
1745 781 1962 830 frequentius
1991 783 2052 819 ad·

1293 827 1405 885 hibita
1424 826 1471 862 est
1491 829 1683 876 appellatio
1702 833 1921 880 Marchiom's,
1942 837 2052 884 quam

1291 880 1410 935 Dum,
1435 891 1633 927 quanquam
1660 891 1808 931 utroque
1824 885 1932 921 titulo
1951 888 2053 924 Prin-

1292 941 1384 977 cipes
1411 929 1468 964 illi
1500 929 1715 968 fruerentur.
1755 936 1793 969 ln
1822 936 1955 972 Charta
1983 940 2054 974 At-

1293 982 1387 1015 tonis
1415 979 1577 1028 Episcopi
1618 983 1838 1028 Florentini,
1876 985 2054 1034 spefflante

1292 1029 1332 1065 ad
1370 1033 1515 1066 Annum
1545 1033 1799 1080 MXXXVIL,
1837 1050 1940 1085 quam
1979 1040 2056 1076 lau.

1293 1080 1351 1116 dat
1385 1081 1584 1130 Borghinus
1613 1083 1650 1118 in
1680 1086 1839 1122 Tractat.
1859 1088 1901 1124 de
1922 1089 2054 1126 Eccles.

1295 1132 1490 1167 florentin.
1511 1132 1570 1168 ista
1593 1134 1778 1182 leguntur:
1805 1141 1868 1172 Pro
1885 1140 1991 1184 salute
2011 1141 2056 1175 θ’

1295 1183 1425 1217 remedio
1445 1183 1623 1218 animarum
1648 1188 1793 1231 Ducum,
1815 1189 1872 1233 seu·
1891 1192 2057 1225 M..·rcbt'0-

1296 1246 1369 1289 uum
1396 1233 1527 1277 Tuftt'ae
1544 1248 1563 1277 ;
1590 1236 1633 1268 (9⁶
1655 1247 1713 1282 pro
1733 1238 1840 1282 salute
1867 1241 1910 1274 Θ
1938 1242 2058 1276 incolu-

1295 1293 1404 1317 mttate
1431 1284 1594 1326 Bontsacii
1619 1287 1728 1321 eximii
1754 1291 1970 1327 Marchionis.
1999 1295 2060 1328 Se-

1297 1332 1420 1388 cusin
1461 1334 1649 1370 Provincia
1687 1339 1898 1386 Spoletana,
1935 1355 2060 1389 quam-

1300 1395 1352 1417 vxs
1377 1383 1411 1417 δ(
1435 1382 1506 1430 ipsa
1535 1386 1716 1420 Niarchiam
1744 1390 1991 1434 constitueret,
2020 1407 2061 1429 u-

1300 1446 1362 1490 nus
1392 1443 1507 1469 tamen
1537 1434 1606 1470 fere
1644 1436 1777 1487 semper
1803 1440 1931 1478 titulus
1959 1444 2061 1479 Ducis

1301 1497 1340 1540 in
1368 1483 1428 1541 usu
1457 1484 1544 1521 fuit.
1577 1488 1624 1522 Et
1652 1500 1773 1525 contra
1801 1495 1998 1542 complures
2026 1508 2063 1531 a·

1303 1537 1341 1590 lii
1382 1548 1422 1591 in
1466 1537 1593 1573 Italico
1639 1541 1759 1588 Regno
1801 1543 1872 1587 post
1915 1547 2062 1581 Annum

1303 1584 1519 1622 christianae
1547 1590 1661 1625 Aerae
1689 1592 1919 1630 Millesimum
1942 1609 2063 1632 occur-

1304 1645 1405 1693 runtl,
1434 1639 1632 1674 Marchionis
1659 1642 1799 1689 quidem
1827 1644 2000 1693 dignitate
2021 1658 2061 1682 ac

1302 1700 1446 1743 nomme
1474 1689 1640 1734 illustres,
1670 1705 1848 1739 nunquam
1875 1699 1957 1731 vero
1988 1700 2060 1732 Du-

1303 1750 1346 1771 c15
1373 1739 1609 1786 appellatione
1637 1742 1816 1778 distinssi:
1856 1758 1944 1792 quae
1980 1748 2059 1794 qui·

1304 1788 1381 1822 dem
1410 1801 1615 1828 argumento
1644 1793 1708 1827 effe
1737 1794 1894 1841 poffunt,
1933 1811 2001 1832 non
2030 1798 2061 1834 i·

1304 1838 1381 1896 dem
1418 1839 1517 1875 fuisse
1544 1854 1671 1877 munus
1697 1844 1731 1878 8<
1759 1845 1861 1881 decus
1899 1849 2062 1884 Marchio-

1305 1903 1354 1923 ms
1386 1903 1424 1925 ac
1461 1892 1578 1927 Ducis.
1615 1894 1650 1928 Si
1689 1898 1927 1944 praepollebat
1963 1901 2063 1935 Ducis

1305 1942 1517 1988 appellatio,
1546 1957 1607 1978 cur
1633 1945 1783 1982 Tusciae
1811 1949 1944 1992 Duces,
1974 1950 2064 1995 post-

1307 1991 1416 2045 posito
1445 1993 1510 2029 hoc
1540 1994 1670 2039 titulo,
1700 1996 1832 2045 saepius
1861 2002 2064 2037 Marchionee

1307 2046 1339 2076 le
1372 2042 1404 2078 se
1439 2043 1697 2082 inscribebant?
1739 2049 1863 2085 Rursus
1894 2065 1974 2087 vero
2003 2066 2064 2090 cuc

1308 2102 1362 2128 tot
1390 2095 1591 2131 Marchiones
1617 2111 1793 2146 nunquam
1824 2103 1944 2137 Ducali
1976 2102 2064 2139 titu-

1307 2145 1343 2179 lo
1384 2145 1538 2182 decorati
1580 2147 1833 2186 inveniuntur?
1871 2153 2064 2201 ConjeEtu-

1307 2208 1380 2252 ram
1421 2209 1534 2232 meam
1570 2199 1707 2248 accipe.
1752 2201 1823 2236 Uni
1866 2202 1922 2238 illi
1965 2205 2063 2239 Mar-

1309 2245 1451 2282 chiones
1478 2248 1618 2285 fuerunt
1645 2251 1752 2286 etiam
1775 2255 1876 2287 Duces
1893 2253 1982 2289 olim
2003 2267 2064 2303 ap-

1311 2298 1456 2355 pellati,
1482 2299 1550 2335 five
1576 2301 1669 2347 quod
1700 2303 1812 2350 plures
1841 2304 2001 2342 Comites
2022 2304 2064 2340 sl-

1311 2349 1344 2383 b1
1385 2348 1585 2398 subjunEtos
1626 2351 1815 2398 haberent,
1856 2355 1890 2390 8<
1933 2357 2062 2391 multas

1311 2413 1368 2448 per
1395 2400 1604 2448 consequens
1637 2405 1744 2439 Urbes
1772 2414 1950 2451 regerent,
1979 2420 2064 2453 qua-

1312 2455 1359 2509 les
1387 2462 1478 2488 certe
1504 2452 1644 2489 fuerunt
1665 2457 1779 2492 Duces
1798 2455 1970 2501 Tusciae,
2000 2460 2066 2492 Fo-

1317 2502 1471 2561 ri-Julii,
1498 2505 1532 2539 8<
1561 2506 1716 2553 Spoleti,
1754 2508 1822 2544 sive
1849 2508 1942 2556 quod
1972 2520 2067 2553 prae-

1311 2568 1412 2604 cipua
1445 2555 1565 2604 aliqua
1605 2556 1753 2606 insignia
1788 2560 1807 2595 ὲ
1844 2559 1997 2607 Regibus
2033 2559 2068 2593 δε

1897 2612 2021 2658 Augu·
