2195 3032
523 234 598 263 111
840 212 1225 272 ANTIQUIT.
1265 216 1486 261 MEDII
1522 217 1689 261 AEVI
1924 225 2006 266 112'

457 278 588 317 letarii,
617 283 656 312 ut
683 276 834 324 reliquas
872 275 1019 310 minoris
1058 289 1211 311 momen·
1239 277 1330 311 Ai.
1360 290 1435 326 pag.
1466 279 1549 325 564.
1578 278 1620 314 de
1647 276 1832 326 Antiquit.
1861 280 1941 316 Ital.
1970 280 2061 317 illud

456 328 486 363 ti
515 328 683 363 seffiones
723 337 931 375 praeteream
951 354 960 370 ,
997 339 1036 361 ac
1080 326 1209 374 potiffi-
1303 327 1438 363 edidit.
1469 331 1531 364 Sed
1563 329 1640 364 sunt
1661 357 1671 373 ‚
1700 332 1760 375 qui
1791 330 1971 377 antiquius
2001 345 2063 381 pu-

455 392 552 414 mum
573 378 679 413 fastas
701 387 857 426 tempore
881 379 1205 421 Nortmannorum,
1300 387 1394 414 tant.
1425 381 1463 414 In
1493 379 1559 415 hoc
1587 389 1704 416 autem
1749 390 1989 416 commentum
2027 395 2062 419 e.

455 429 517 477 qui
547 427 617 476 post
645 431 790 464 Annum
819 426 949 463 Christi
977 427 1208 464 Millefimurn
1301 429 1384 464 ciam
1413 429 1573 466 invefflus
1602 430 1670 466 fuit
1712 430 1930 467 doffiiffimus
1971 432 2027 468 vir
2049 458 2060 478 ‚

456 480 542 515 novi
571 479 647 515 illic
666 479 777 527 Regni
794 477 1018 514 fundamenta
1035 478 1189 526 jecerunt
1202 509 1211 524 ‚
1300 480 1388 514 mihi
1416 480 1513 528 saepe
1541 482 1700 517 laudatus
1716 510 1725 524 ,
1749 484 1908 518 Domnus
1925 483 2058 530 Gaspar

457 543 647 578 numquam
677 530 827 578 amplius
856 528 1044 564 convulsa.
1298 532 1456 566 Berettus
1482 532 1679 567 Monachus
1697 533 1966 569 Benedxbftmus.
1984 536 2060 582 Ego

508 582 629 628 Atque
657 580 739 615 haec
768 579 807 615 fit
830 580 943 616 brevis
968 580 1086 628 imago
1114 580 1205 616 Itali·
1298 593 1437 628 quoque
1468 580 1558 616 infra
1587 582 1625 617 in
1664 583 1803 618 Differr.
1842 586 1993 620 xxvn.
2022 586 2062 619 de

456 631 488 667 ci
516 631 604 666 olim
635 631 774 680 Regni,
802 630 895 679 quod
924 630 1038 679 primo
1071 631 1211 679 quidem
1299 634 1454 674 Moneta,
1483 632 1542 666 ubi
1571 631 1612 667 de
1642 633 1809 669 Nummis
1831 634 2060 670 Bononiensi-

455 695 516 731 per
543 682 655 717 clades
683 695 721 717 ac
758 681 920 717 incendia
957 682 974 716 ὲ
1017 682 1208 731 Langobar—

454 733 649 781 dis,longe
676 733 814 779 lateque
840 732 913 767 suas
941 732 1108 767 vi&orias
1137 747 1209 781 pro·
1240 744 1265 777 Β

454 783 668 828 ferentibus,
694 783 921 819 constitutum
951 782 1022 831 est;
1051 791 1125 818 tum
1155 797 1210 818 ve·
1297 783 1577 819 Petraesanffle.
1597 786 1781 833 Ignorabat
1802 786 1868 821 hoc
1891 788 2055 832 Annius,

455 848 494 870 ro
532 833 847 870 mansuescentibus
884 833 928 869 iis
960 833 1127 882 populis,
1155 847 1210 869 eo·
1293 832 1348 869 seu
1376 834 1534 882 quisquis
1555 834 1617 870 ille
1635 834 1703 871 fuit
1720 835 1827 879 spurii
1845 850 2055 873 monumen-

455 899 602 934 tumque
631 884 810 935 Regibus,
847 883 946 919 fimul
982 883 1090 919 etiam
1119 898 1210 931 repa·
1296 884 1325 919 ti
1353 884 1474 920 audior
1495 913 1505 928 ,
1533 887 1566 921 ὃς
1605 885 1828 922 fidentiffime
1863 889 2055 935 sergianum

455 937 541 972 ratis
569 935 812 979 Civitatibus,
840 948 878 970 ae
916 934 1071 983 Legibus
1099 935 1211 970 muni·
1291 935 1324 969 &
1352 935 1621 979 Petramsanfffam
1649 937 1666 970 ὲ
1695 936 1871 972 Desiderio
1892 938 2056 974 aedifica-

456 988 491 1022 {a
511 1001 546 1024 re
567 986 726 1036 publica,
752 985 966 1021 reflorescere
986 986 1114 1020 iterum
1136 999 1209 1021 coe·
1294 995 1328 1019 ta
1356 984 1551 1020 confinxit.
1581 987 1632 1021 At
1655 985 1782 1022 fabulis
1811 987 1904 1024 hisce
1932 988 2055 1023 dimis-

456 1038 534 1086 pit.
564 1040 683 1086 Atque
711 1037 788 1072 heic
815 1050 867 1072 res
888 1036 1063 1085 posceret,
1093 1045 1131 1071 ut
1158 1036 1208 1071 in·
1293 1034 1354 1079 sm,
1383 1035 1523 1071 aliunde
1545 1036 1613 1083 jam
1644 1037 1796 1081 constat,
1825 1051 1895 1073 non
1924 1051 2053 1085 paucos

455 1099 509 1124 ter
536 1089 604 1124 alia
632 1097 860 1124 monumenta
896 1087 984 1122 illud
1014 1088 1050 1122 in
1089 1086 1212 1134 primis
1290 1099 1333 1122 ex
1363 1086 1515 1134 Regibus
1557 1099 1596 1121 ac
1640 1087 1862 1126 Principibus
1899 1088 2052 1137 ejusdem

1297 682 1357 716 bus
1386 681 1496 717 sermo
1524 682 1613 727 erit,
1641 683 1846 731 imposturae
1863 685 1945 721 huic
1962 686 2056 722 diem

1295 732 1409 767 dicam
1432 760 1441 776 ,
1471 732 1612 780 prodito
1641 747 1724 769 vero
1752 734 1892 771 austore
1920 735 2055 785 Oppidi

457 1153 685 1176 memorarem
705 1167 714 1183 ,
742 1138 835 1186 quod
863 1137 1004 1173 Eruditi
1032 1150 1102 1172 non
1130 1151 1208 1185 pau·
1293 1137 1461 1172 Nationis
1489 1136 1665 1184 reliquisse
1693 1137 1841 1174 illustria
1869 1137 1946 1174 suae
1975 1152 2053 1175 mu-

456 1191 487 1226 ci
506 1218 516 1234 ,
536 1192 570 1226 &
589 1192 642 1226 vel
664 1188 724 1238 ipfi
741 1189 888 1225 Carolus
906 1189 1069 1237 Sigonius
1091 1202 1186 1224 meus
1201 1216 1210 1232 ,
1232 1197 1263 1231 C
1292 1186 1472 1223 nificentie
1510 1187 1651 1236 vestigia
1671 1216 1681 1233 ,
1718 1202 1796 1224 cum
1828 1188 1919 1224 sacra
1935 1218 1945 1234 ‚
1975 1198 2053 1225 tum

453 1242 488 1276 ὃς
519 1242 659 1277 Paullus
690 1240 895 1283 Manutius,
923 1252 960 1274 ac
988 1242 1092 1283 Janus
1121 1241 1208 1275 Gru·
1292 1237 1433 1286 profana
1451 1265 1460 1282 ‚
1488 1248 1659 1285 quantum
1689 1239 1774 1274 tulit
1814 1253 1933 1274 eorum
1963 1248 2053 1276 tem.

453 1300 547 1327 terus
567 1319 576 1334 ,
601 1291 761 1326 homines
778 1290 937 1338 alioquin
962 1299 1124 1325 emunrae
1153 1303 1206 1326 na·
1290 1301 1413 1337 porum
1442 1289 1537 1324 rudis
1571 1302 1609 1324 ac
1639 1289 1787 1337 depress‘a
1816 1290 2000 1326 conditio.

454 1342 500 1377 ris
513 1369 523 1383 ,
540 1341 746 1383 laudarunt,
766 1342 800 1375 δε
821 1350 986 1388 tanquam
1008 1340 1210 1388 legitimum
1341 1341 1508 1375 Ceterum
1535 1340 1777 1386 Langobardiae
1796 1341 1941 1376 nomine
1960 1340 2051 1376 olim

455 1391 588 1427 foetum
627 1392 663 1426 in
702 1390 769 1426 suis
806 1391 1023 1426 celebravere
1070 1389 1210 1425 Libris.
1289 1388 1398 1423 etiam
1416 1388 1580 1423 Italicum
1601 1392 1758 1436 Regnum
1777 1391 1944 1436 appellari
1972 1404 2052 1427 coe.

455 1445 536 1479 Hoc
564 1442 608 1478 est
636 1441 787 1476 EdiHum
815 1440 973 1481 Desiderii
1000 1440 1102 1486 Regis
1122 1443 1206 1474 Lan·
1294 1447 1390 1486 ptum
1413 1437 1481 1475 est.
1510 1438 1751 1474 Continuator
1779 1440 1977 1488 Fredegarii
1998 1440 2054 1476 in-

450 1494 656 1540 gobardorum
684 1491 723 1527 ad
752 1490 999 1526 Grimoaldum
1028 1489 1208 1525 Comitem
1274 1498 1344 1557 'ter
1370 1490 1485 1537 Opera
1513 1490 1677 1538 Gregorii
1708 1490 1944 1534 Turonensis,
1974 1504 2052 1541 pag.

456 1545 636 1586 Viterbii‚
673 1542 732 1578 ubi
760 1542 789 1577 is
818 1550 999 1576 enumerat
1025 1543 1203 1589 quamplu-
1274 1540 1375 1586 5689.
1405 1539 1446 1574 ad
1477 1541 1621 1575 Annum
1666 1542 1867 1577 DCCLIV.
1906 1551 2051 1586 narrat,

454 1608 506 1630 res
533 1593 682 1629 Tusciae
720 1591 1004 1640 Langobardicae
1034 1591 1145 1625 Urbes
1172 1605 1207 1626 ac
1273 1588 1484 1637 {exercitum
1516 1593 1728 1626 Francorum
1768 1592 1981 1627 conrend1ffe
2009 1593 2053 1633 ad

452 1644 614 1692 Oppida,
642 1645 659 1678 ὲ
686 1642 718 1678 se
746 1652 805 1677 aut
833 1641 1012 1676 restaurata
1031 1668 1041 1684 ,
1062 1650 1121 1676 aut
1139 1655 1202 1676 am.
1236 1642 1393 1686 D'partes
1413 1641 1653 1686 Langobardiae
1670 1653 1727 1687 per
1747 1644 1958 1688 Lugdunum,
1982 1644 2053 1678 Ca.

453 1695 609 1745 plificata
627 1721 636 1738 ,
665 1702 724 1728 aut
752 1693 770 1728 ὲ
798 1691 1042 1737 ‚fundamentis
1070 1691 1204 1727 εει-εξὶει.
1273 1691 1382 1733 ¹rolus
1410 1704 1549 1738 quoque
1576 1693 1728 1739 Magnus
1756 1692 1791 1726 in
1822 1692 2051 1728 Testamento

453 1745 667 1793 praecipiens
693 1743 852 1789 insuper,
879 1752 917 1778 ut
943 1742 1011 1778 alia
1050 1741 1190 1777 refician
1272 1740 1388 1788 {supra
1419 1742 1560 1776 laudato
1588 1742 1749 1776 nominat
1784 1743 1941 1785 Italiam,
1969 1756 2048 1789 quae

452 1806 531 1841 tur,
560 1796 660 1843 seque
688 1795 733 1829 ob
761 1803 815 1829 tot
844 1793 990 1841 insignia
1026 1806 1129 1840 opera
1166 1804 1204 1828 ac
1271 1788 1332 1851 ⁴3&
1359 1792 1584 1838 Langobardia
1610 1792 1745 1827 dicitur.
1784 1793 1878 1827 Idem
1909 1795 1984 1828 Rex
2013 1793 2051 1829 in

453 1849 587 1883 caelum
617 1846 802 1881 attollens.
832 1844 916 1891 Ejus
944 1843 1126 1879 exordium
1156 1853 1188 1878 ta
1272 1855 1359 1877 *uno
1386 1856 1428 1877 ex
1458 1842 1525 1877 suis
1553 1843 1819 1890 Capitularibus
1857 1844 1946 1890 apud
1987 1845 2055 1879 Ba-

452 1899 485 1933 le
506 1897 574 1932 est.
600 1901 795 1931 Revocamus
813 1895 940 1938 statuta
955 1894 1055 1941 Regis
1070 1894 1211 1939 ¹ssr'stulfi
1271 1893 1422 1953 iluzium
1452 1894 1560 1928 Tom.
1589 1894 1616 1928 Ι.
1654 1906 1728 1941 pag.
1756 1906 1832 1940 450
1872 1894 1954 1929 haec
1993 1893 2054 1929 ha-

452 1959 557 1983 contra
595 1948 759 1982 Vetulonos
794 1947 882 1981 edita
918 1946 986 1980 &a
1025 1944 1207 1980 Famosum
1291 1945 1367 1978 bet:
1398 1944 1557 1978 Ssmiliter
1592 1944 1764 1978 direx-mus
1793 1943 1902 1988 ΜῐῙῙω
1933 1945 1965 1979 in
1996 1948 2052 1980 A.

451 1999 517 2034 hoc
535 2006 801 2034 monumentum
818 1995 1207 2043 marmoreinscriprum
1259 1995 1493 2047 ‚3qm'taniam‚
1523 1995 1566 2028 Θ·
1593 1994 1625 2028 in
1654 1996 1932 2039 Langobardiam.
1973 1997 2053 2031 Hoc

451 2049 608 2086 Viterbii
638 2048 749 2083 adhuc
777 2046 899 2082 vifitur
916 2074 924 2090 ‚
953 2046 1064 2081 immo
1091 2047 1124 2081 8<
1148 2059 1191 2081 no
1272 2045 1382 2084 sidem
1407 2046 1439 2079 8<
1470 2044 1557 2079 alii.
1587 2046 1639 2079 Ira
1667 2045 1833 2078 Avariam
1862 2046 1893 2079 ὅ(
1916 2048 2054 2092 Hungu-

450 2101 524 2136 slris
553 2099 768 2147 temporibus
788 2106 973 2145 patronum
991 2125 1000 2140 ,
1029 2096 1051 2131 sl
1068 2097 1257 2145 SuperisAE
1291 2096 1392 2134 riam,
1418 2095 1483 2129 hoc
1512 2093 1556 2129 est
1584 2096 1765 2134 Avarum.
1791 2094 1857 2129 five
1887 2097 2055 2143 Hungro-

1273 2159 1364 2188 ,rum
1396 2145 1543 2190 patriam
1569 2145 1784 2180 Pannoniam
1808 2147 2052 2193 appellarunt,

1273 2193 1323 2244 J&
1354 2196 1576 2241 Burgundiam
1596 2196 1884 2243 Burgundionum
1909 2196 1944 2230 in
1967 2197 2054 2231 Gal-

1274 2248 1342 2281 ¹lia
1371 2246 1480 2281 sedem
1499 2273 1506 2279 .
1538 2248 1717 2281 Ditmarus
1746 2260 1829 2281 vcro
1851 2257 1966 2291 ape-rte
1992 2246 2053 2282 sub

1274 2298 1277 2341 ξ
1294 2297 1534 2344 Langobardiae
1550 2298 1786 2344 appellatione
1802 2298 1945 2341 Tusciam
1966 2311 2054 2344 quo.

451 2153 587 2198 placet,
609 2148 748 2185 invenit
776 2148 903 2183 Virum
931 2147 1115 2195 quemdam
1146 2147 1189 2182 bo
1218 2155 1220 2164 ¹

450 2214 554 2236 num.
581 2201 712 2235 Verum
741 2212 843 2234 nemo
871 2198 1021 2246 amplius
1049 2212 1091 2233 ex
1119 2200 1188 2234 Eru

450 2252 534 2287 diris
564 2264 617 2286 me
639 2249 814 2286 monitore
833 2249 991 2298 indiget,
1014 2258 1051 2284 ut
1072 2248 1201 2287 discat,

450 2302 614 2338 Ediehun
632 2299 800 2350 ejusmodi
826 2301 926 2348 plane
942 2298 1107 2335 insulsum
1134 2300 1201 2348 jam

449 2352 548 2388 fuifl‘e
576 2351 797 2387 amandatum
815 2359 908 2386 inter
934 2350 1138 2397 imposturas
1155 2364 1203 2385 re·
1274 2343 1359 2395 lque
1387 2346 1635 2394 compleRitur
1651 2375 1661 2388 ,
1684 2347 1723 2382 ad
1744 2349 1886 2382 Annum
1907 2349 2052 2384 MXIV.

450 2403 647 2438 centiorum
675 2403 897 2437 saeculorum
917 2427 926 2437 .
970 2401 1055 2436 Veri
1094 2400 1203 2436 fimile
1295 2399 1375 2433 Lib.
1404 2410 1438 2445 7.
1467 2397 1611 2433 Cronic.
1641 2397 1815 2433 scribens:
1854 2401 1890 2433 In
1926 2403 2054 2445 Lango-

450 2453 540 2488 olim
561 2452 650 2487 mihi
678 2452 885 2495 videbatur,
908 2450 1131 2487 tribuendam
1160 2451 1222 2485 il·⁴
1274 2448 1408 2495 ,bardica
1434 2448 1583 2484 Saraceni
1603 2449 1735 2495 navigio
1764 2450 1925 2483 venientes
1940 2477 1949 2493 ,
1987 2453 2054 2484 Lu-

450 2504 519 2540 lius
546 2502 719 2550 originem
748 2501 880 2537 famoso
909 2501 1050 2538 falsario
1092 2501 1205 2537 Fratri

1279 2504 1367 2534 'nam
1393 2500 1570 2534 Civttatem
1585 2526 1594 2542 ,
1616 2499 1732 2546 fugato
1760 2500 1910 2546 Episcopo
1927 2528 1934 2536 ,
1958 2501 2054 2534 inva-

449 2553 574 2592 Annio
602 2551 835 2597 Viterbienfi,
867 2553 928 2601 qui
944 2553 1082 2601 primus
1097 2554 1204 2589 Tom.
1277 2509 1282 2586 i

1295 2552 1374 2585 dunt
1389 2576 1398 2586 .
1413 2551 1535 2598 Atque
1553 2549 1604 2585 ita
1624 2549 1768 2598 quidem
1788 2551 1877 2586 olim
1899 2549 2053 2635 fagitana,

1960 2615 1976 2636 e
