2195 3032
375 193 434 219 ιη

323 245 557 274 coacervatas
585 234 769 288 Historias
799 235 962 291 legenti.
1004 236 1078 276 Sed
1109 248 1151 277 ut
1181 251 1326 278 mature
1357 239 1550 294 intelligat
1582 240 1736 293 LeHor,
1766 243 1858 295 quid
1887 258 1924 282 e-

321 308 370 348 go
407 293 732 334 lucubrationibus
752 293 852 346 bisce
883 295 972 334 meis
1000 296 1274 351 praestiterim,
1305 297 1470 352 quidque
1494 297 1569 352 fibi
1592 297 1820 354 sperandum
1843 301 1924 355 fit,

323 353 389 392 ubi
428 352 593 393 accedere
624 353 671 393 ad
702 369 760 393 eas
791 354 915 406 velit,
942 367 1058 410 pauca
1089 357 1268 410 quaedam
1295 355 1463 412 praefari
1492 359 1632 406 juvat.

448 411 648 464 Postquam
679 414 833 453 Literae
863 414 1084 454 amoeniores
1115 416 1239 455 veluti
1269 415 1470 456 redivivae
1505 417 1671 472 proxime
1708 416 1923 473 praeteritis

325 469 490 510 saeculis
521 472 748 525 dignitatem
777 471 974 524 pristinam
1005 474 1187 530 recipere,
1223 473 1466 529 habitumque
1506 475 1736 514 barbaricum
1767 477 1922 531 depone-

325 543 365 567 re
394 541 588 583 coeperunf
620 529 744 584 (quod
775 545 872 570 certe
902 530 990 570 curci
1027 531 1258 587 potiſjimum
1288 548 1402 587 atque
1433 533 1617 584 industrid
1647 535 1801 574 Italicae
1832 551 1920 589 gen-

326 588 375 626 tis
408 587 458 640 est
493 585 668 642 faffssms
707 604 749 629 ex
780 591 884 638 cujus
920 591 1095 646 exemplis
1134 591 1300 646 reliquae
1335 591 1457 648 postea
1497 592 1667 632 cultiores
1698 593 1737 632 in
1770 595 1921 649 Europa

323 646 492 685 nationes
532 644 822 702 profecerunt),
862 650 1042 697 majorum
1083 650 1285 702 nostrorum
1327 651 1480 705 ingenia
1517 652 1636 705 primo
1672 650 1820 703 summa
1851 652 1920 704 vi,

317 703 539 759 summoque
561 705 687 759 studio
719 706 1012 759 contenderunt,
1051 721 1094 748 ut
1124 709 1305 748 Latinam
1345 712 1533 762 Linguam
1565 709 1798 765 expolirem,
1836 710 1919 750 bar-

323 764 492 802 barorum
534 765 745 804 commercio
789 767 949 805 nimium
991 765 1236 820 deformatam
1262 797 1273 816 ,
1311 766 1500 822 simulque
1543 770 1721 807 Graecam
1764 768 1918 808 invehe-

321 835 425 873 rent,
459 821 667 877 diutiffime
696 837 806 864 antea
838 825 1045 880 ignoratam
1078 839 1190 879 atque
1221 827 1444 880 negleHam.
1478 827 1544 866 Ad
1575 827 1788 876 Oratoriam
1814 826 1919 865 dein-

320 879 389 925 de,
420 881 469 920 ad
500 881 670 935 Poe'fim,
709 883 757 922 ad
788 882 1096 939 Philosophiam,
1135 885 1182 923 ad
1213 884 1440 936 Historiam,
1479 884 1528 924 ad
1558 886 1842 933 Eruditionem,
1873 884 1921 924 ad

321 939 486 993 reliquas
519 941 702 981 Scientias
732 954 845 996 atque
878 949 994 982 Artes
1025 942 1271 993 revocandas,
1313 943 1613 998 amplificandas,
1645 941 1695 982 (ff
1723 939 1920 999 perficien-

321 997 410 1050 das,
429 996 518 1051 sese
548 1000 754 1052 contulere,
784 1016 823 1040 eo
847 998 1042 1056 successu,
1071 1015 1113 1041 ut
1145 1002 1246 1041 inter
1274 1014 1330 1041 tot
1361 999 1522 1056 cauffas,
1562 1002 1604 1041 ob
1635 1017 1723 1056 quas
1747 1000 1919 1057 felicita·

320 1057 355 1096 ti
385 1069 591 1113 temporum
624 1059 823 1110 nostrorum
851 1060 1119 1114 gratulandum
1151 1060 1223 1112 est,
1249 1060 1429 1117 postrema
1461 1076 1532 1099 non
1565 1059 1613 1112 fit
1644 1061 1818 1100 bonarum
1850 1061 1918 1100 Li·

319 1127 485 1155 terarum
512 1116 690 1172 splendor
720 1119 911 1172 restitutus
941 1130 1055 1173 atque
1085 1119 1252 1159 cultura.
1293 1122 1351 1158 Et
1381 1118 1429 1158 ad
1461 1119 1733 1159 Erucinionem
1767 1119 1919 1173 quidem

321 1174 421 1226 quod
451 1176 615 1226 attinet,
646 1189 727 1216 tum
760 1179 896 1230 Sacra,
939 1190 1018 1217 tum
1053 1176 1213 1218 profana
1245 1179 1469 1230 pertrae'lata
1500 1177 1785 1233 diligentiffime
1810 1175 1917 1230 suit.

316 1232 392 1272 Sed
424 1234 490 1287 qui
531 1232 713 1276 Profanae
754 1242 901 1292 operam
942 1236 1146 1286 dederunt,
1179 1235 1305 1291 ferme
1345 1237 1384 1276 in
1425 1237 1473 1276 iis
1503 1236 1685 1276 duntaxat
1726 1236 1917 1287 constitere

316 1292 566 1348 temporibus,
607 1294 741 1348 quibus
781 1298 903 1335 Roma
933 1310 989 1335 tot
1029 1296 1183 1350 Populis
1215 1296 1255 1334 in
1299 1293 1472 1350 Europa',
1515 1294 1630 1348 Afid,
1667 1292 1718 1334 (Τ
1750 1292 1917 1349 Africd,

317 1349 508 1391 dominata
539 1351 613 1404 est,
652 1351 702 1392 <9⁴
734 1355 891 1394 Graecia
923 1370 994 1394 non
1034 1355 1154 1393 minus
1195 1354 1391 1394 literarum
1430 1354 1543 1407 quarn
1581 1368 1764 1393 armorum
1793 1350 1917 1408 glorid

318 1406 482 1463 effulsit.
523 1414 568 1449 In
600 1411 796 1465 utriusque
833 1413 958 1466 gentis
1000 1412 1230 1464 illustrandis
1271 1412 1400 1459 rebus,
1441 1412 1480 1450 in
1512 1411 1750 1451 eruderandis
1791 1426 1918 1449 monu-

317 1469 479 1519 mentis,
512 1469 553 1508 in
584 1469 804 1525 exponendis
844 1471 1027 1521 moribus,
1068 1470 1224 1519 ritibus,
1265 1469 1469 1523 religione,
1507 1470 1710 1524 regimine,
1750 1468 1917 1522 legibus,

319 1525 483 1580 aliisque
513 1527 561 1567 ad
592 1541 735 1568 veteres
770 1531 954 1568 Romanos
984 1527 1035 1568 (9⁴
1066 1531 1220 1569 Graecos
1245 1525 1525 1579 spectantibus,
1565 1527 1813 1567 Eruditorum
1838 1527 1917 1577 stu-

316 1585 381 1624 dia
410 1584 683 1632 versabantur.
716 1587 776 1627 lbi
808 1602 931 1626 eorum
961 1602 1137 1637 conatus,
1169 1586 1223 1624 ibi
1255 1586 1433 1625 deliciae.
1474 1588 1531 1624 Eo
1561 1585 1733 1640 proceffi't
1764 1586 1804 1624 in
1836 1581 1915 1636 esu-

305 1641 437 1697 smodi
473 1644 592 1694 studio
637 1646 846 1685 Literariae
877 1646 1123 1695 Reipublicae
1153 1644 1285 1693 ardor,
1327 1657 1369 1683 ut
1399 1646 1476 1690 iam
1509 1643 1701 1684 babeamus
1748 1645 1916 1699 Viginti-

318 1703 486 1758 quinque
519 1708 654 1743 Tomos
693 1704 851 1759 grandis
889 1705 1014 1756 molis,
1056 1704 1351 1756 Antiquitatum
1390 1706 1614 1743 Graecarum
1644 1703 1694 1742 (5⁴
1726 1704 1916 1742 Romana-

318 1776 401 1801 rum
444 1760 704 1814 Thesaurum,
748 1763 827 1814 sive
860 1762 1071 1818 syllogem,
1113 1779 1134 1802 a
1175 1763 1364 1801 Gronovio
1407 1759 1457 1800 (⁵3⁴
1498 1760 1915 1814 Graeoiovinstruflam

318 1820 538 1875 complexos,
579 1822 645 1861 hoc
685 1821 735 1869 est
765 1823 806 1862 in
837 1837 951 1862 unum
982 1824 1114 1861 coac'los
1149 1823 1326 1860 Austores
1366 1821 1513 1870 varios,
1553 1821 1621 1876 qui
1661 1820 1706 1860 de
1746 1821 1793 1859 iis
1832 1835 1915 1876 ege-

317 1892 425 1919 runt.
468 1883 528 1919 Ex
561 1881 647 1920 aliis
678 1881 812 1920 deinde
840 1879 1005 1930 ejusdem
1036 1880 1247 1935 argumenti
1288 1879 1537 1933 Scriptoribus
1575 1879 1733 1919 collec‘lis
1764 1891 1839 1918 tres
1870 1895 1910 1918 a·

317 1938 385 1977 lios
419 1941 555 1978 Tomos
587 1936 806 1993 efformavit
837 1941 1058 1995 sallengre:
1097 1954 1251 1993 quorum
1281 1939 1443 1976 omnium
1484 1939 1621 1978 iterata
1652 1938 1767 1978 editio
1799 1950 1914 1992 nuper

321 1998 487 2037 Veneriis
521 1997 699 2052 suscepta
732 1996 839 2052 fuit.
882 2002 1015 2052 Neque
1044 2011 1167 2037 tamen
1200 1998 1240 2036 in
1273 1996 1374 2048 bisce
1403 1995 1611 2049 conclusum
1642 1997 1824 2036 arbitrere
1853 2011 1914 2037 ae-

319 2057 460 2095 rarium
502 2055 703 2107 universae
744 2057 985 2097 Eruditionis
1023 2059 1184 2097 Graecae
1213 2069 1326 2108 atque
1371 2058 1579 2096 Romanae.
1621 2055 1831 2094 abundant
1861 2053 1912 2094 <J

318 2115 390 2153 alii
424 2116 533 2155 Libri
564 2117 609 2155 de
639 2117 821 2156 Romanis
859 2114 1082 2169 praesertim
1114 2113 1425 2169 Antiquitatibus
1454 2128 1621 2169 agentes.
1664 2116 1722 2153 Et
1760 2113 1853 2167 quid
1875 2112 1914 2166 fi

318 2189 400 2213 cum
433 2175 509 2214 illis
541 2176 674 2230 jungas
705 2188 761 2215 tot
792 2176 1010 2226 volumina,
1050 2175 1090 2214 in
1123 2176 1256 2227 quibus
1287 2186 1432 2213 veteres
1463 2172 1751 2226 Inscriptiones,
1783 2172 1915 2224 Fasti,

319 2234 502 2285 Nummi,
534 2238 734 2284 Gemmae,
770 2234 1089 2283 Amphitheatra,
1131 2233 1390 2288 Geograpbia,
1429 2231 1703 2286 Chronologia,
1743 2230 1913 2284 aliaeque

314 2301 442 2346 partes
473 2306 537 2332 aut
560 2291 782 2348 fragmenta
816 2294 1054 2334 Eruditionis
1085 2295 1278 2332 Romanae
1307 2293 1613 2346 pertraflantur?
1655 2291 1818 2331 Terreat
1847 2303 1914 2342 te,

313 2361 432 2406 paene
462 2352 567 2401 dixi,
599 2365 707 2391 tanta
738 2368 861 2391 rerum
891 2353 992 2394 com‘a
1024 2367 1136 2402 atque
1167 2364 1391 2400 apparatus,

438 2410 601 2450 Proinde
634 2410 694 2450 hic
724 2411 813 2450 olim
845 2411 969 2451 beatus
998 2409 1274 2463 foecundusque
1302 2425 1392 2465 ager
1420 2422 1528 2457 erat,
1569 2423 1678 2464 quem
1710 2422 1822 2447 unum
1854 2406 1914 2446 in-

313 2468 429 2522 genia
465 2468 687 2524 praesertim
720 2470 855 2509 Italica
886 2470 1097 2510 excolebant
1113 2486 1129 2521 ,·
1169 2467 1220 2507 (Τ
1251 2485 1293 2508 ex
1324 2484 1395 2523 quo
1433 2467 1633 2522 plurimam
1670 2465 1762 2519 sane
1792 2465 1913 2505 laudis

313 2527 529 2583 gloriaeque
559 2526 708 2584 messem
740 2529 920 2569 retulere.
962 2534 1110 2570 Interea
1137 2527 1311 2582 sordebat
1342 2527 1529 2583 quidquid
1559 2527 1607 2568 ad
1637 2521 1913 2611 tempogabast'pc·
