2195 3032
238 229 322 278 613

501 219 1015 265 DISSERTATIO
1067 221 1426 264 SEPTIMA.

1646 231 1730 277 614

278 329 413 371 Caroli
446 326 564 370 eram
598 327 735 370 Italiae
769 329 888 384 Regis
922 326 1131 381 Diploma,
1163 344 1244 385 quo
1277 330 1468 372 Ecclefiae
1501 329 1682 387 Regiensi

543 387 713 429 Insulam
747 389 947 431 Suzariam
982 389 1130 441 donat,
1161 391 1282 430 Anno
1318 390 1419 444 879.

170 506 173 508 ’
227 491 262 522 N
286 487 405 521 nomine
434 486 567 521 Domini
595 487 658 521 Dei
685 487 727 520 &
754 487 936 522 salvatoris

249 538 342 579 noshi
358 537 461 582 Jbesu
488 537 626 579 Christi.
652 539 792 572 Karolus
817 520 953 573 divina¹

174 588 338 623 ordinante
369 588 577 635 providentia
602 593 698 624 Rex.
727 589 767 623 Si
792 600 828 623 ut
853 593 933 624 San-

176 639 291 672 Horum
319 639 383 672 loca
408 639 572 682 uitentur,
600 653 659 686 quo
694 653 795 674 eorum
823 641 931 685 Presu-

173 690 239 733 les,
274 689 421 735 ceterique
457 689 606 732 Minillri
640 690 764 724 uberius
799 692 931 738 omnipo-

172 740 254 774 tenti
287 740 424 775 Domino
449 740 582 774 valeant
617 740 796 786 deservire,
822 753 952 776 munus·

173 792 330 837 quoddam
353 790 537 834 conserimus
560 790 707 833 Ecclefiis
728 793 845 826 divino
868 792 930 826 cul·

173 842 222 874 tui
247 841 383 885 dicatis,
411 841 578 883 nostrorum
613 855 752 876 normam
770 843 935 889 sequentes

168 890 424 939 predeceffbrum‚
452 893 496 926 (Τ
523 893 556 926 in
579 892 716 939 presenti
737 893 839 938 seculo
861 904 932 940 pro-

965 487 1006 520 A'
1025 495 1121 519 tatem
1157 487 1202 520 <9⁴
1237 488 1458 522 exaltationem
1495 488 1591 534 ipsius
1628 489 1790 536 Episcopi?

1024 541 1153 571 eandem
1187 539 1328 583 Insulam
1363 539 1557 586 Sugzariam
1585 539 1618 573 in
1645 542 1785 574 Comita-

1024 597 1059 620 tu
1085 590 1186 623 eodem
1211 589 1376 631 Brixienfi
1398 589 1531 636 positam
1559 590 1641 624 inter
1660 592 1785 624 Padum

1024 638 1067 671 (9¹
1100 642 1221 675 Zaram
1261 654 1328 674 cum
1368 644 1486 684 Curte,
1529 641 1574 674 (9⁵
1614 642 1785 688 Capellas,

1017 688 1075 733 seu
1096 690 1256 737 piscaria,
1284 691 1386 732 silvis
1411 691 1508 725 etiam
1533 705 1601 725 cum
1631 694 1788 738 prenomi-

1025 740 1110 773 natis
1134 741 1273 785 mansis,
1301 742 1357 789 qui
1384 742 1500 776 ibidem
1521 742 1621 786 sunt,
1657 756 1694 776 ex
1723 742 1785 789 ipso

1023 792 1184 825 Comitum
1205 793 1461 839 pertinentibus,
1498 806 1565 826 cum
1590 793 1677 826 omni
1704 793 1784 826 inte·

1020 843 1141 887 gritate
1160 856 1260 877 rerum
1281 843 1338 888 seu
1358 843 1582 888 familiarum,
1608 843 1784 890 cunclisque

1024 893 1172 937 decimis,
1198 894 1245 927 (9¹
1265 894 1492 941 pertinentiis,
1511 894 1568 927 vel
1593 894 1783 938 adjacentiis

164 942 308 988 sperari,
335 954 429 989 atque
455 943 488 977 in
510 943 617 986 futuro
642 944 773 978 veniam
797 944 934 990 consequi
968 939 993 972 Ε
1019 943 1107 987 suis,
1130 944 1244 986 fundis
1269 957 1386 991 quoque
1414 946 1457 977 (9⁶
1481 944 1578 987 locis,
1609 945 1664 987 seu
1686 944 1782 989 palu.

173 1006 231 1026 non
266 993 449 1028 dubitamus
484 1003 639 1029 eternam.
676 997 798 1029 Notum
831 995 933 1041 igitur

171 1042 322 1085 industrie
340 1045 476 1078 omnium
487 1043 638 1088 fidelium
658 1045 772 1078 sanfle
789 1045 854 1079 Dei
870 1047 930 1078 Ec·
961 1056 964 1059 ’

168 1093 254 1134 clesie
267 1121 276 1136 ,
292 1094 518 1141 nostrorumque
533 1104 600 1128 tam
611 1094 801 1140 presentium
813 1122 822 1136 ‚
839 1107 930 1140 quam

162 1144 360 1188 futurorum,
377 1143 457 1188 fieri
480 1144 639 1191 cupimus,
664 1145 740 1191 quia
766 1144 928 1180 VValtfre-¹

166 1194 229 1229 dus
254 1193 397 1243 infignis
424 1194 592 1242 Dapifer‚
612 1196 646 1229 &
675 1196 857 1230 Pertoldus
884 1197 926 1231 11-

164 1244 278 1280 lustris
304 1247 434 1280 Comes
463 1245 614 1289 Palatii,
633 1246 825 1291 dilectrffimi
842 1246 927 1291 fide-

165 1296 231 1340 les,
253 1296 309 1340 seu
333 1295 518 1336 Consiliarii
544 1295 662 1340 nostri,
687 1298 838 1331 adeuntes
862 1310 926 1331 ma·

160 1346 364 1392 gnitudinem
400 1346 558 1389 nostram,
582 1346 770 1393 suppliciter
798 1347 925 1394 sugges-

159 1396 292 1441 serunt,
321 1406 357 1430 ut
383 1397 420 1430 ob
445 1396 594 1430 divinum
629 1397 733 1442 zelum
768 1398 926 1443 intuitus,

158 1458 401 1495 perpetuamque
428 1447 537 1494 Regni
559 1447 660 1488 ,nostre
683 1447 800 1482 ditioni
820 1449 921 1492 famu·

164 1498 266 1532 lautis
292 1498 402 1531 celitus
420 1497 654 1541 stabilitatem,
682 1498 817 1539 Ecclefie
842 1500 927 1534 beati

161 1548 307 1595 Prosperi
326 1547 509 1593 Confeffivris
528 1548 667 1591 Christi,
688 1548 854 1595 Regiensis
872 1551 921 1584 vi·

160 1600 273 1632 delicet
302 1599 470 1645 ΕρὶῘεορὶ,
498 1603 547 1634 cui
581 1599 705 1633 Paulus
731 1601 925 1634 venerabilis

160 1649 310 1692 Pontifex
333 1648 443 1695 preesse
463 1649 671 1696 cognoscitur,
691 1651 851 1696 quandam
871 1653 920 1685 In-

155 1700 262 1745 sulam
284 1700 367 1744 juris
392 1701 501 1747 Regni
522 1699 617 1741 nostri
641 1700 768 1743 Italici,
789 1715 846 1748 que
870 1715 919 1735 no·

160 1751 304 1785 minatur
324 1751 487 1795 Sugzaria
508 1749 541 1784 in
561 1751 723 1784 Comitatu
743 1752 923 1797 Brixiensi,

163 1800 240 1843 idest
270 1801 350 1833 inter
373 1803 498 1834 Padum
525 1801 568 1834 (9⁴
591 1803 732 1846 Zaram,
753 1815 819 1835 cum
842 1806 920 1837 Cur.

159 1861 211 1895 te,
233 1851 276 1884 θ’
303 1851 473 1898 Capellas,
489 1852 544 1896 seu
566 1852 730 1896 Piscaria‚
748 1863 843 1899 atque
862 1853 920 1894 sil.

158 1902 234 1946 vis,
273 1902 385 1937 mansis
423 1916 539 1949 quoque
573 1904 735 1946 omnibus,
762 1904 818 1949 qui
844 1904 922 1948 sunt

158 1953 193 1987 in
222 1952 289 1999 ipsa
318 1953 445 1998 Insula,
472 1954 512 1987 de
535 1952 672 1999 predicto
694 1954 859 1988 Comitatu
886 1968 918 1988 u.

151 2003 230 2050 sque
257 2017 338 2038 nunc
359 2004 612 2051 pertinentibus,
637 2016 704 2037 cum
731 2004 815 2037 omni
841 2004 917 2038 inte-

155 2054 274 2102 gritate
302 2068 402 2089 rerum
426 2055 590 2090 mobilium
609 2054 666 2099 seu
693 2054 918 2097 immobilium,

155 2106 212 2140 vel
241 2107 465 2150 familiarum,
488 2116 585 2152 prout
610 2104 760 2139 hastenzts
797 2106 841 2140 ad
866 2120 916 2140 no-

151 2158 254 2200 strum
292 2158 470 2191 >dominium
505 2153 687 2203 pertinuisse
727 2155 918 2202 noscuntur,

154 2207 226 2254 jure
259 2208 464 2255 proprietario
499 2208 741 2242 concederemus.
777 2211 919 2254 ⁴Quorum

154 2257 441 2304 postulationibus,
469 2258 544 2307 quia
569 2258 673 2304 justas
699 2259 744 2292 (9⁴
777 2259 915 2294 rationa-

158 2308 236 2342 biles
257 2308 432 2356 suggeffiffe
467 2310 687 2357 cognovimus,
714 2322 804 2344 aures
828 2311 915 2345 beni-

157 2358 296 2393 volenti-2
320 2361 418 2402 nostre
442 2361 590 2395 hilariter
616 2361 825 2406 inclinantes,
846 2372 913 2408 pre·

153 2410 223 2453 fate
250 2410 366 2444 SanHe
400 2412 566 2458 Regiensis
602 2411 757 2455 Ecclesie‚
786 2412 819 2446 in
855 2426 917 2459 qua

156 2462 281 2495 beatum
308 2461 449 2508 Prosperi
476 2461 662 2509 Confeffiris
684 2463 806 2504 Christi
841 2467 911 2496 Cor-

150 2523 214 2558 fus
256 2511 416 2547 humatum
446 2511 533 2557 jacet
548 2541 558 2557 ,
601 2515 703 2549 Paulo
737 2513 931 2612 venerabili]
982 2512 987 2607 Ι

155 2561 327 2611 Episcopo,
362 2562 486 2610 ejusque
514 2563 727 2610 ficccefforibus
752 2566 796 2601 esd
822 2563 911 2598 utili-

1022 994 1113 1027 dibus
1137 995 1184 1027 (θ’
1209 995 1349 1038 Infulis,
1378 995 1560 1040 ubicumque
1585 993 1641 1038 esse
1667 994 1784 1028 viden.

1023 1053 1075 1076 tur
1100 1044 1134 1076 in
1161 1044 1266 1078 alveis
1290 1046 1346 1077 vel
1373 1045 1537 1078 curriculis
1562 1046 1675 1088 Padi,
1697 1043 1783 1085 ficu-

1020 1094 1048 1126 ti
1070 1107 1110 1127 ex
1135 1094 1266 1141 antiquo
1292 1095 1337 1128 ad
1363 1094 1430 1141 ipsa
1458 1097 1523 1128 loca
1546 1096 1703 1140 pertinere
1728 1096 1782 1129 vi.

1018 1145 1158 1187 dentur,
1194 1145 1308 1192 quique
1342 1147 1384 1179 ab
1421 1145 1595 1179 bominibus
1625 1145 1707 1192 pagi
1733 1146 1781 1192 ip.

1015 1194 1082 1235 sius
1101 1195 1244 1229 Pulicini
1269 1196 1495 1239 nominantur,
1518 1207 1575 1242 per
1594 1197 1690 1238 nostre
1712 1197 1781 1243 pie.

1019 1246 1098 1280 tatis
1132 1249 1314 1293 Preceptum
1347 1248 1572 1293 perpetualiter
1604 1248 1779 1292 donamus,

1018 1296 1209 1330 concedimus
1229 1324 1240 1341 ,
1279 1298 1437 1344 modisque
1476 1298 1620 1332 omnibus
1649 1298 1781 1340 flabili.

1018 1359 1106 1390 mus,
1132 1358 1288 1394 quatenus
1315 1347 1411 1392 isdem
1438 1349 1561 1382 Paulus
1585 1349 1779 1384 venerabilis

955 1391 984 1425 C
1017 1397 1163 1441 Pontifex
1180 1425 1190 1441 ,
1227 1397 1353 1446 ejusque
1385 1398 1562 1445 fiecceffores
1597 1399 1779 1446 potestatem

1014 1448 1150 1482 habeant
1175 1450 1215 1482 de
1250 1451 1301 1482 his
1326 1450 1468 1484 omnibus
1495 1451 1583 1484 rebus
1609 1452 1653 1485 ad
1688 1451 1779 1484 utili-

1016 1508 1111 1532 tatem
1131 1499 1187 1544 sui
1206 1500 1370 1546 Episcopii
1386 1501 1491 1545 facere
1505 1503 1678 1545 secundum
1697 1502 1779 1548 quod

1015 1549 1125 1582 melius
1157 1551 1359 1597 pre-uiderint
1383 1565 1420 1586 ac
1445 1552 1663 1596 decreverint,
1693 1552 1779 1594 ficut

1012 1600 1051 1632 de
1074 1601 1181 1634 ceteris
1204 1603 1294 1635 rebus
1310 1601 1399 1646 juris
1423 1602 1520 1648 ipsius
1545 1603 1700 1647 Ecclesie‚
1727 1617 1778 1637 ex·

1009 1649 1102 1695 pulsa
1135 1650 1235 1684 totius
1266 1652 1430 1698 potestatis
1465 1652 1701 1698 inquietudine.
1738 1654 1776 1688 Si

1011 1700 1081 1745 quis
1104 1711 1233 1745 autem,
1257 1704 1340 1748 quod
1364 1701 1495 1736 minime
1519 1703 1693 1747 credimus,
1718 1703 1776 1738 hu-

1005 1749 1062 1795 jus
1095 1751 1194 1793 nostre
1227 1751 1443 1796 munificentie
1475 1753 1616 1799 quolibet
1651 1754 1777 1802 ingenio

1010 1800 1065 1834 vel
1089 1812 1274 1847 argumento
1305 1802 1446 1836 violator
1472 1803 1634 1847 extiterit,
1660 1815 1775 1838 trecen.

951 1841 984 1874 D
1013 1862 1063 1886 tas
1085 1852 1186 1886 libras
1207 1852 1283 1887 auri
1301 1852 1405 1899 obrizi
1429 1864 1602 1899 componere
1625 1864 1775 1901 cogatur,

1013 1902 1206 1937 medietatem
1241 1903 1372 1938 Palatio
1407 1903 1527 1946 nostro,
1553 1904 1598 1938 Θ·
1623 1905 1774 1940 medieta-

1012 1964 1072 1985 tem
1099 1959 1143 1986 ad
1173 1963 1296 2000 partem
1317 1953 1460 2000 prediHe
1494 1954 1653 1996 Eccleste.
1683 1956 1774 2001 Insu-

1010 2014 1065 2049 per
1090 2003 1185 2038 etiam
1215 2003 1351 2047 infamia
1373 2004 1503 2051 publica
1538 2016 1666 2041 notatus
1691 2017 1773 2041 tam-

1012 2066 1105 2100 quam
1133 2053 1307 2101 sacrilegus
1340 2056 1493 2090 habeatur
1526 2057 1570 2090 ab
1603 2057 1747 2091 omnibus
1762 2084 1771 2093 .

1014 2106 1061 2138 Et
1084 2114 1121 2138 ut
1139 2105 1256 2140 certius
1274 2107 1441 2149 credatur,
1464 2106 1505 2140 (9⁶
1523 2106 1714 2153 diligentius
1732 2109 1773 2143 ab

1012 2155 1153 2190 omnibus
1177 2157 1374 2202 observetur,
1400 2169 1496 2191 manu
1518 2158 1649 2204 propria
1664 2158 1774 2203 subter

1002 2205 1233 2253 firmavimus,
1256 2209 1302 2242 (3⁸
1325 2212 1366 2243 cle
1390 2207 1487 2243 anulo
1510 2212 1610 2251 nostro
1627 2208 1773 2258 sigillare

1005 2257 1151 2304 juffimus
1161 2286 1171 2296 .

1458 2360 1578 2396 Domni
1587 2361 1706 2398 Karoli
1717 2365 1776 2398 Se·

1008 2359 1145 2408 Signum

1477 2412 1626 2459 reniffimi
1651 2415 1753 2463 Regis
1763 2439 1772 2451 0

1017 2615 1104 2661 Qq
1157 2624 1178 2649 2
1604 2617 1716 2650 vsrno·
