2195 3032
419 225 534 301 ficem7
560 267 783 312 Maximum,

422 325 479 351 12.
507 316 544 351 in
580 316 733 363 Epistola
768 332 829 366 47.
858 320 1005 358 edition.
1033 323 1178 360 Benedi-

416 363 503 400 ffltin.
531 365 572 400 ad
601 367 830 405 Sabinianum
859 372 1057 409 Diaconum
1080 377 1177 424 Apo-

417 414 598 451 trifarium
628 416 725 453 suum
753 421 1063 472 Constantinopoli
1091 427 1178 461 cele-

415 464 565 501 berrima
593 467 655 503 illa
683 471 788 505 verba
828 471 968 509 scribit:
998 476 1036 509 51·
1062 490 1116 523 ego
1144 478 1176 510 in

413 524 508 549 morte
535 519 813 564 Langobardorum
839 536 886 557 me
913 525 1033 569 miscere
1058 528 1173 570 voluis·

405 563 493 609 sem,
518 567 606 601 hodie
632 572 909 618 Langobardorum
928 589 1008 622 gens
1034 591 1085 611 nec
1110 581 1174 612 Re-

407 627 486 661 ges,
509 631 560 653 nec
587 623 707 665 Duces,
732 636 783 657 nec
802 625 938 659 Comites
961 628 1106 670 haberet,
1127 639 1174 662 at-

410 678 469 713 que
507 667 577 714 effit
617 671 649 705 in
680 672 804 716 summa
840 676 1011 719 confusione
1046 678 1174 721 divisa.

413 717 556 755 Paullus
573 734 712 769 quoque
730 724 902 761 Diaconus
920 728 999 762 Lib.
1012 730 1075 762 ΙΙΙ.
1088 730 1174 775 Cap.
1204 724 1229 756 Β

411 766 473 802 ῙΧ.
502 771 652 805 Comitem
690 777 966 820 Langobardorum
1003 779 1173 823 Akagm'm

411 829 685 857 commemorat.
725 825 831 859 Erant
862 839 943 875 ergo
971 828 1003 861 &
1033 829 1166 877 Lango-

410 866 525 904 bardis
547 869 596 906 sui
624 873 783 907 Comites:
809 875 919 912 immo
940 891 1058 913 eorum
1086 892 1166 925 quo·

409 929 477 964 que
499 921 714 958 mentionem
741 924 850 961 fecere
871 928 1034 964 nonnulli
1055 943 1097 964 ex
1120 929 1168 964 io-

407 967 449 1003 fis
488 971 640 1019 Regibus
678 977 943 1023 Langobardis‚
981 979 1034 1014 uti
1073 980 1168 1015 varia

406 1017 554 1055 illorum
578 1023 782 1061 Diolomata
804 1027 845 1061 ab
867 1028 1058 1076 Ughellio,
1073 1032 1166 1065 Mar.

407 1070 552 1116 garino,
573 1073 605 1106 8<
628 1075 781 1120 Campio
801 1079 963 1125 evulgata
985 1079 1167 1125 testantur,

404 1120 444 1153 in
462 1121 587 1165 quibus
609 1122 692 1158 haec
713 1124 863 1161 formula
878 1130 1052 1164 occurrit:
1071 1134 1163 1165 Prae-

405 1169 555 1215 tipientes
590 1174 732 1207 omnibus
768 1177 931 1221 Ducibus,
969 1180 1165 1222 amitibus,

405 1220 602 1266 Gastaldits‚
630 1225 685 1257 vel
711 1225 916 1261 Afflionariis
953 1229 1062 1264 nostris
1098 1231 1164 1266 ΘΥ.

403 1269 486 1306 Sive
515 1271 598 1308 haec
625 1275 754 1310 altera:
782 1279 824 1311 Ut
847 1279 956 1312 nullus
982 1282 1079 1323 Dux,
1105 1284 1156 1314 Co-

404 1333 493 1364 mes,
530 1323 740 1369 Gaflaldtus,
776 1327 831 1360 vel
865 1329 1076 1363 ¹A.·310r⁷arius
1113 1343 1157 1363 no.

398 1369 463 1412 fter
490 1373 557 1408 (φο.
587 1375 654 1409 Sub
681 1376 839 1411 Comitum
866 1379 1008 1414 nomine
1039 1380 1159 1415 Re'c'lo-

402 1433 456 1455 res
484 1423 631 1459 Urbium
655 1423 841 1473 significari
869 1429 1002 1474 prorsus
1024 1431 1160 1466 creden-

403 1469 483 1506 dum
514 1473 578 1508 est.
609 1477 756 1511 Nullum
787 1477 823 1512 in
851 1479 896 1514 iis
931 1479 1093 1516 formulis
1122 1481 1161 1516 de

393 1523 568 1565 judicibus
598 1526 762 1571 verbum,
791 1530 1072 1577 quandoquidem
1105 1545 1158 1580 ap·

402 1573 595 1618 pellatione
624 1578 781 1611 Comitum
809 1579 1091 1628 designabantur.

456 1624 622 1660 Alterum
651 1629 806 1662 Comitum
836 1643 960 1666 munus
997 1631 1097 1667 situm
1127 1646 1157 1667 e·
1192 1628 1223 1660 D

399 1681 454 1707 rat
495 1673 533 1708 in
576 1675 792 1713 PraefeEiura
835 1680 1016 1720 Militiae,
1054 1695 1156 1729 quarn

400 1733 464 1768 pro
506 1723 562 1759 sua
603 1726 748 1774 quisque
789 1730 956 1778 regione,
997 1733 1030 1766 Sc
1074 1732 1158 1768 belli

400 1773 600 1810 necestitate
628 1778 786 1822 regebat.
826 1782 865 1814 In
894 1795 935 1815 eo
962 1791 1079 1817 tamen
1107 1782 1155 1817 of-

399 1820 482 1857 ficio
521 1825 714 1870 pendebant
751 1828 811 1872 ipsi
840 1831 858 1864 ὲ
886 1830 1053 1879 superiori
1091 1833 1154 1867 im·

399 1873 496 1919 perio
533 1878 633 1910 Ducis
669 1877 842 1924 alicujus.
882 1883 1035 1930 Legatur
1072 1883 1150 1918 Edi-

398 1922 492 1958 &um
529 1926 708 1962 Ludovici
749 1930 802 1964 Pii
842 1933 1066 1978 Imperatoris
1098 1933 1152 1967 da-

395 1984 470 2008 tum
516 1977 622 2011 Anno
667 1980 879 2015 DCCCXV.
922 1982 1009 2029 apud
1054 1984 1152 2019 Batu-

396 2024 490 2059 zium
529 2025 566 2060 in
596 2029 830 2075 Capitularib.
869 2034 952 2079 Reg.
991 2036 1152 2069 Francor.

394 2076 500 2109 Tom.
531 2078 556 2111 Ι.
586 2090 660 2125 pag.
687 2092 769 2126 549.
798 2083 972 2128 Praecipit
1001 2083 1084 2127 ille,
1114 2094 1152 2119 ut
1187 2086 1214 2118 E

394 2126 568 2173 Hispani,
601 2128 684 2168 fiet-tt
709 2131 798 2164 ceteri
825 2132 927 2166 liberi
965 2132 1152 2179 homines,

395 2189 472 2210 cum
503 2177 622 2211 Comite
651 2178 708 2214 suo
737 2181 769 2214 in
797 2182 961 2215 exercitum
993 2195 1151 2230 pergant.

395 2227 434 2260 In
478 2228 590 2263 altero
626 2230 825 2277 Capitulari
864 2233 985 2267 Caroli
1024 2234 1149 2281 Magni

394 2276 568 2322 spestante
589 2279 630 2315 ad
655 2283 797 2316 Annum
830 2284 1034 2318 DCCCXII
1056 2297 1150 2318 man-

393 2330 519 2373 datur,
557 2341 595 2365 ut
623 2333 756 2365 Comites
782 2331 822 2366 ad
852 2333 1044 2368 exercitum
1075 2348 1147 2380 pro-

394 2379 586 2415 ficiscentes
615 2383 788 2417 neminem
816 2384 833 2417 ὲ
862 2383 993 2418 militia
1022 2384 1147 2420 immu-

392 2443 472 2465 nem
516 2431 747 2477 relinquant,
789 2433 922 2469 duobus
965 2434 1146 2478 exceptis,

392 2490 451 2515 aut
479 2491 651 2528 quatuor3
681 2486 802 2516 Ceteros
822 2497 898 2518 vero
923 2498 1024 2519 omnes
1045 2485 1146 2528 ficiem

388 2531 520 2577 pleniter
548 2532 701 2568 luteam.
741 2535 769 2567 A
781 2542 861 2580 tque
889 2534 970 2570 hinc
1000 2535 1145 2572 cauffam

793 211 1180 271 ANTIQUJT.
1229 213 1456 258 MEDII
1495 217 1666 261 AEVI

821 270 883 317 qui
920 271 1002 308 Lib.
1029 286 1066 320 4.
1103 272 1179 309 Ind.
1209 274 1244 309 A
1272 273 1530 323 intelligimus,
1557 290 1663 325 quare
1690 276 1893 314 Bonifacius
1922 282 1966 315 11.
1991 293 2030 316 u-

1273 324 1302 360 ti
1332 324 1495 370 videtur,
1532 330 1614 364 Dux
1641 327 1813 372 Tusciae,
1849 330 1883 364 δε
1912 329 2029 366 Corfi-

1885 224 1968 265 680

1271 388 1330 411 cae
1359 376 1575 422 Praefefihxs,
1601 392 1709 426 quum
1738 381 1846 415 Anno
1875 381 2026 417 DCCC-

1270 427 1439 463 XXVIII.
1479 428 1741 473 expeditionem
1783 429 1821 465 in
1863 429 2025 466 Africam

1268 475 1436 525 suscepit,
1464 478 1595 522 Tusciae
1617 483 1750 514 Comites
1777 479 1890 515 secum
1919 480 2025 517 addu-

1267 527 1382 562 xerit.
1419 529 1604 572 Bonifatius
1636 533 1743 564 Comes
1769 530 1845 577 (ita
1881 529 1919 566 in
1947 533 2025 566 An-

1268 578 1404 612 nalibus
1433 578 1651 626 Eginharti)
1678 579 1806 624 affurato
1827 581 1929 626 secum
1951 581 2023 625 fra-

1268 638 1313 660 tre
1341 629 1544 673 Berethario,
1581 630 1624 663 &
1649 630 1725 664 aliis
1750 631 1934 677 quibusdam
1961 635 2022 666 Co-

1266 678 1396 712 mitibus
1432 680 1472 713 de
1513 680 1626 723 Tuscia
1661 682 1728 716 &ca
1771 682 1804 715 in
1843 681 2022 728 sphricam

1265 728 1411 771 trajecit.
1439 728 1576 764 Similia
1605 730 1859 766 animadvertas
1887 731 1924 766 in
1952 733 2022 768 Le-

1263 790 1304 825 ge
1331 780 1431 814 LVI.
1460 779 1553 814 inter
1580 781 1860 829 Langobardicas
1887 781 2021 816 Lotha-

1264 826 1309 862 rii
1339 830 1365 863 Ι.
1399 831 1644 877 Imperatoris,
1680 831 1739 866 ubi
1777 831 1860 866 haec
1887 832 2017 867 verba:

1262 878 1425 925 Postquam
1453 883 1579 924 Comes,
1617 882 1658 914 (9¹
1681 882 1850 928 pagenses,
1878 882 1916 915 de
1942 895 2020 928 qua-

1258 928 1336 962 libet
1361 931 1554 976 expeditione
1589 931 1692 973 hostili
1727 931 1840 971 reverfi
1869 932 2018 976 fuerint,

1259 992 1295 1012 ex
1320 993 1356 1014 ea
1382 981 1435 1014 die
1469 991 1525 1027 per
1561 985 1632 1015 XL.
1669 981 1769 1015 nottes
1799 981 1843 1021 fit
1879 983 2018 1016 bannum

1259 1028 1427 1074 resciffum.
1471 1031 1704 1066 Consulamus
1744 1044 1834 1066 nunc
1880 1034 2015 1079 Regum

1259 1080 1568 1126 Langobardorum
1592 1084 1723 1130 Leges.
1749 1083 1842 1117 [nter
1863 1095 1917 1117 eas
1939 1084 2016 1118 Lex

1261 1131 1387 1164 XXIX.
1430 1130 1643 1173 Liutprandi
1688 1131 1793 1180 Regis
1830 1132 1912 1167 Lib.
1949 1134 2014 1167 VI.

1259 1179 1460 1226 praescribit
1487 1182 1686 1225 judicibus,
1724 1191 1810 1228 quot
1853 1181 2013 1217 homines

1256 1230 1289 1262 3<
1317 1242 1423 1275 equos
1451 1229 1488 1264 in
1523 1230 1704 1266 servitium
1744 1231 1838 1266 suurn
1869 1232 2015 1267 adduce-

1256 1291 1290 1313 re
1317 1279 1486 1323 debeant,
1523 1285 1648 1326 quando
1684 1282 1717 1314 in
1744 1281 1875 1315 exercitu
1901 1284 2011 1317 ambu-

1254 1329 1345 1362 landi
1372 1330 1526 1374 neceffitas
1547 1330 1666 1374 fuerit.
1708 1331 1889 1366 Nimirum
1927 1332 2011 1367 lice-

1257 1379 1313 1413 bat
1342 1381 1531 1427 unicuique
1549 1381 1667 1424 Judici
1694 1379 1750 1416 sex
1779 1380 1937 1416 homines
1959 1381 2013 1416 di-

1254 1429 1393 1464 mittere
1420 1431 1543 1474 domi‚
1581 1444 1701 1466 eorum
1731 1444 1813 1466 vero
1841 1431 1938 1479 equis
1967 1431 2009 1467 ad

1256 1479 1310 1514 sua
1338 1480 1523 1515 commoda
1551 1481 1624 1516 uti.
1654 1485 1701 1515 Et
1727 1482 1843 1516 tollant
1869 1483 1913 1516 ad
1936 1482 2010 1525 fast·

1254 1543 1319 1563 mas
1349 1530 1426 1574 suas
1454 1531 1533 1577 ipsos
1568 1533 1718 1566 Caballos
1749 1531 1823 1576 sex.
1864 1533 2009 1567 Italicae

1255 1579 1350 1615 vocis
1387 1585 1480 1614 Sama
1518 1581 1692 1629 originem
1731 1581 1809 1617 heic
1846 1581 2007 1618 intuere.

1255 1632 1305 1665 De
1332 1631 1477 1678 reliquis
1507 1631 1710 1668 horninibus
1737 1645 1828 1679 equo
1856 1633 2007 1668 carenti-

1252 1681 1311 1716 bus
1340 1680 1456 1716 decem
1486 1691 1622 1717 tantum
1660 1682 1833 1717 immunes
1861 1683 1879 1716 ὲ
1908 1682 2006 1718 mili-

1252 1731 1300 1765 tia
1328 1731 1466 1767 dimitti
1504 1742 1690 1779 poterant,
1727 1731 1788 1779 qui
1824 1733 1868 1767 ad
1904 1733 2005 1779 ipsum

1240 1781 1389 1825 judicem
1423 1782 1545 1825 fasiant
1578 1795 1633 1829 per
1662 1783 1884 1817 hebdomadam
1910 1796 2006 1816 unam

1232 1828 1353 1878 :operas
1380 1842 1465 1875 tres,
1502 1833 1594 1879 usque
1628 1834 1703 1866 dum
1740 1832 1802 1879 ipse
1829 1833 1941 1876 Judex
1965 1834 2004 1866 de

1231 1882 1378 1938 ,εκ-ενείηι
1406 1892 1601 1918 revertatur.
1643 1885 1718 1918 Lex
1747 1883 1807 1918 ista
1836 1881 1934 1917 alteri
1964 1881 2005 1916 fi-

1230 1943 1233 1946 ’
1252 1932 1345 1966 milis
1366 1931 1430 1975 est,
1455 1945 1558 1979 quam
1582 1946 1688 1980 nuper
1710 1932 2002 1968 memoravimus.

1230 1982 1340 2016 *Heic
1369 1992 1483 2016 autem
1513 1985 1625 2026 Judex
1652 1983 1743 2018 idern
1773 1983 1870 2018 sonat
1898 1992 2002 2029 atque

1229 2032 1298 2079 {ibi
1327 2036 1462 2074 Comes;
1491 2043 1639 2080 utroque
1667 2037 1750 2069 vero
1779 2033 1919 2068 nomine
1948 2034 2003 2068 in·-

1228 2081 1427 2124 jdicabatur
1448 2083 1649 2118 Civitatum
1673 2083 1827 2119 Praeses.
1854 2085 1907 2117 Ex
1929 2084 2001 2118 Co-

1228 2125 1391 2168 ‘mitibus
1421 2132 1513 2168 hisce
1530 2161 1539 2177 ,
1568 2147 1757 2181 eorumque
1784 2133 1919 2169 ditione
1939 2146 2000 2169 na-

1246 2193 1278 2217 ta
1307 2183 1351 2217 est
1378 2197 1447 2218 vox
1476 2184 1672 2227 Comitatus,
1704 2184 1803 2219 nobis
1832 2184 1995 2227 Conrado,

1220 2233 1437 2285 jsignificans
1450 2233 1647 2269 universum
1661 2233 1877 2269 territorium
1891 2261 1900 2277 ,
1918 2234 1998 2268 Vil-

1242 2285 1312 2326 las,
1350 2284 1524 2327 castella,
1561 2298 1599 2319 ac
1636 2283 1796 2331 Oppida,
1838 2283 1995 2319 Comitis

1242 2334 1406 2381 regimini
1444 2344 1548 2381 atque
1575 2334 1776 2369 au&oritati
1815 2333 1994 2383 subjeffta3

1240 2397 1277 2418 ac
1315 2384 1458 2432 proinde
1497 2398 1576 2432 ager
1604 2384 1709 2419 Urbis
1745 2383 1993 2431 cujuscumque

1238 2435 1429 2481 appellatus
1467 2435 1512 2469 est
1550 2435 1750 2477 Comitatus,
1788 2434 1880 2481 quod
1919 2436 1991 2470 Co.

1240 2484 1320 2519 miti
1362 2485 1495 2532 regenti
1538 2485 1669 2519 Urbem
1711 2485 1993 2526 obtemperaret.

1240 2537 1362 2582 Neque
1390 2535 1483 2570 enim
1504 2549 1540 2568 ex
1560 2536 1719 2570 Comitatu
1740 2548 1866 2570 nomen
1893 2533 1992 2570 suum

1843 2597 1938 2620 acce-
