2195 3032
200 221 281 261 137

136 264 214 300 bat.
245 264 375 299 Verum
404 276 446 299 ex
471 259 662 297 collatione
687 257 891 306 praeceden-

136 314 227 350 tium
264 313 394 349 constat
414 341 425 358 ,
458 308 701 357 corrigendum
737 308 803 344 effe
833 320 891 351 po-

137 365 206 400 tius
235 366 406 403 Annum,
440 363 474 396 &
503 360 580 395 heic
616 372 756 407 quoque
792 371 888 407 repo-

135 418 288 451 nendum
304 413 509 449 DCCCXCI.
525 410 666 456 [mperii
685 418 803 444 autem
820 422 889 444 non

136 469 329 505 Secundum,
365 462 419 497 sed
455 460 621 496 Primum.
659 462 781 508 Atque
808 458 890 495 hinc

137 515 267 558 discas,
301 511 498 547 Guidonem
536 511 647 560 Regni
686 509 804 546 Italici
833 523 887 545 an-

138 579 200 602 nos
220 575 395 600 numerare
420 562 566 607 coepisse
591 563 633 597 ab
656 563 763 597 Anno
787 561 891 597 Chri-

137 616 175 651 sti
203 614 577 649 DCCCLXXXVIH.
605 614 639 648 8<
667 612 810 661 quidem
834 625 887 646 an·

137 675 171 700 te
196 663 327 707 Julium
357 663 507 699 mensem
544 663 748 699 inchoatos.
786 661 891 707 Quod

135 714 264 750 mirum
281 713 462 758 videatur,
483 726 562 748 nam
581 713 809 764 Berengarius
827 715 891 748 Re·
920 709 947 743 Β

135 765 234 814 gium
270 762 415 799 titulum
453 763 684 812 consequutus
722 776 805 800 tunc
832 763 887 798 do·

135 814 358 862 minabatur;
395 827 506 861 neque
543 815 698 863 contigit
733 813 889 850 Guidoni

134 864 198 901 nifi
236 864 306 912 post
341 865 493 900 multum
531 875 668 910 tempus
696 867 713 900 a
745 865 804 900 suo
841 878 887 900 re-

134 914 243 963 gressu
266 928 308 950 ex
333 915 485 959 Galliis,
513 925 552 952 ut
573 917 614 951 ab
635 915 770 952 Italicis
794 915 889 950 Prin-

135 965 271 1014 cipibus
306 965 495 1013 eligeretur
530 967 567 1002 in
597 969 750 1015 Regem.
787 968 892 1002 Certe

134 1029 178 1051 ex
203 1015 270 1051 hoc
289 1016 411 1051 eodem
435 1019 584 1053 Decreto
605 1017 805 1060 evincitur,
833 1029 889 1051 an-

134 1074 170 1101 te
197 1066 269 1114 ejus
296 1066 516 1102 Eleffionem
555 1068 763 1116 praeceffiffe
793 1067 890 1101 horri-

134 1116 215 1151 bitia
234 1116 337 1160 bella,
364 1119 489 1162 caedes,
516 1131 552 1153 ac
569 1119 721 1165 rapinas,
748 1132 788 1154 ac
807 1117 887 1153 duo·

134 1166 198 1202 bus
238 1166 381 1214 proeliis
422 1167 569 1204 fraE'tum
611 1168 858 1218 Berengarium
881 1195 889 1203 .
924 1178 955 1212 C

134 1219 235 1273 Quae
270 1216 390 1252 omnia
426 1232 496 1254 non
533 1228 605 1255 tam
642 1219 716 1257 cito
753 1219 889 1267 peraS’ta

132 1265 278 1315 quisque
306 1267 509 1317 intelligat.
547 1271 699 1307 Accedit
726 1270 889 1306 Erchem-

132 1318 223 1365 perti
261 1317 432 1354 Historici
469 1320 688 1365 auffioritas,
724 1322 785 1370 qui
815 1324 893 1356 Rer.

137 1366 289 1402 Italicar.
317 1370 436 1403 Tomo
465 1372 510 1405 11.
538 1384 614 1418 pag.
639 1382 722 1416 255.
748 1372 785 1406 in
813 1370 896 1406 haee

132 1417 238 1451 verba
259 1417 410 1464 scripsit:
442 1422 507 1453 Hoc
526 1421 621 1455 etiam
641 1425 742 1455 ιᾸηηο
762 1424 891 1455 DCCC-

133 1469 352 1502 LXXXVIII.
379 1469 518 1513 reversus
544 1470 585 1512 est
620 1471 724 1505 GuIdo
749 1472 793 1505 ad
828 1473 889 1505 Ita-

132 1517 235 1560 liam,
271 1529 363 1564 quam
384 1519 566 1567 principare
590 1521 699 1568 cupit,
729 1521 790 1566 sed
814 1521 888 1555 obti-

133 1580 212 1623 nere·
235 1569 360 1613 nequit.
398 1571 493 1604 Tum
529 1569 646 1606 subdit
683 1571 813 1618 proelia
851 1572 892 1605 ab

132 1629 175 1651 eo
202 1616 292 1651 inita
320 1630 399 1652 curn
429 1620 659 1668 Berengzwio,
688 1621 721 1655 &
749 1620 891 1668 quidem
925 1629 953 1662 D

132 1665 241 1700 dubio
262 1668 400 1703 Marte.
428 1669 500 1711 qul
520 1682 597 1716 quae
612 1670 704 1716 pall—ii
723 1670 801 1715 sunt
821 1681 891 1705 tan-

129 1726 196 1750 tum
232 1718 276 1751 ad
311 1717 445 1752 invicem
481 1719 572 1766 usque
609 1722 642 1755 in
679 1721 891 1768 Epiphania,

132 1780 210 1813 quae
220 1767 388 1802 celebratur
400 1771 488 1804 VIII.
501 1771 739 1816 IdusJanuarii
749 1798 757 1806 .
771 1773 890 1817 Quum

130 1830 213 1865 ergo
234 1817 429 1854 Elefiiionis
455 1819 578 1868 hujus,
607 1821 701 1869 quod
730 1821 888 1870 profero,

129 1867 320 1903 Decretum
358 1868 395 1904 in
432 1871 604 1907 Comitiis
643 1872 888 1909 Ticinenfibus

128 1916 302 1966 prodierit
339 1919 410 1967 post
446 1920 531 1957 belli
568 1921 726 1966 exitum,
763 1924 797 1958 &
826 1925 885 1959 Be-

126 1968 325 2015 rengarium
344 1970 396 2005 bis
415 1970 656 2020 profligatum:
677 1972 886 2021 consequens

125 2018 217 2053 mihi
256 2018 418 2065 videtur,
459 2021 675 2059 referendum
717 2023 806 2060 illud
849 2025 885 2061 in

126 2070 273 2104 Annum
305 2071 642 2110 DCCCLXKXIX.
671 2075 724 2109 At
755 2074 818 2110 ille
846 2076 886 2111 ab
921 2084 945 2115 Ε

123 2120 233 2156 Anno
249 2122 624 2159 DCCCLXXXVIH.
638 2134 798 2160 numerat
810 2127 885 2161 An-

125 2182 188 2204 nos
217 2171 356 2219 Regni,
386 2183 423 2208 ut
451 2173 548 2221 supra
578 2175 754 2211 vidimus.
783 2177 884 2212 Alte-

124 2230 259 2256 rutrum
281 2222 391 2270 igitur
408 2223 572 2273 suspicari
589 2225 770 2274 cogimur:
790 2240 883 2265 nem-

125 2282 167 2319 pe
194 2281 252 2307 aut
272 2273 473 2311 Guidonem
495 2289 564 2311 non
586 2276 782 2321 exspefflta
804 2279 885 2313 Pro-

126 2333 242 2379 cerum
282 2324 455 2362 eleaione
502 2325 673 2375 usurpasse
718 2328 884 2364 Titulum

126 2372 274 2408 Remum
293 2401 303 2417 ,
344 2375 457 2412 statim
501 2391 540 2414 ac
584 2380 691 2414 Anno
734 2381 880 2415 DCCC·

126 2423 364 2464 LXXXVIII.
407 2426 440 2464 se
483 2441 525 2465 ex
568 2429 714 2467 Francia
749 2429 886 2480 ‘Italiae

513 197 1019 245 DISSERTATIO
1064 195 1369 239 TERTIA.

924 258 956 291 A
986 256 1155 300 restituit,
1194 266 1254 292 aut
1289 254 1349 291 suo
1389 257 1514 302 Regno
1552 253 1745 289 attribuisse

1606 202 1686 248 138

985 316 1100 342 totum
1131 306 1241 342 ferme
1276 305 1366 342 iilud
1405 315 1568 351 tempus„
1604 304 1696 351 quod
1727 306 1746 338 ὲ

986 367 1098 393 morte
1125 357 1248 393 Caroli
1285 355 1398 398 Craffi
1423 353 1641 391 defluxerat.
1680 355 1747 388 Po.

983 407 1114 443 stremis
1140 418 1255 444 tamen
1277 406 1449 442 mensibus
1468 406 1567 441 Anni
1597 405 1748 440 DCCC·

986 461 1223 494 LXXXVIII.
1254 458 1275 492 fi
1305 454 1493 493 viffioriam
1515 456 1691 491 Guidonis
1711 468 1748 490 e-

985 508 1102 556 jusque
1120 509 1339 544 Eleffionem
1363 507 1507 556 alligare
1524 506 1634 549 velis,
1660 515 1745 541 tunc

984 560 1019 594 in
1060 559 1264 607 Diplomate
1303 559 1498 593 Baluziano
1530 556 1746 592 emendanda

984 611 1120 645 tantum
1149 610 1219 645 erit
1254 608 1429 652 Indistio,
1466 609 1499 643 8<
1529 607 1663 654 reliqua
1691 608 1746 642 su-

981 660 1161 695 stinenda.
1195 658 1326 694 Videas
1362 668 1477 693 autem
1515 657 1554 693 in
1590 660 1745 693 Decreto

983 710 1099 758 nostro
1126 709 1300 747 Praesules
1337 708 1538 757 protestari,
1575 707 1610 743 se
1634 708 1746 742 volen-

982 772 1026 795 tes
1037 761 1230 807 nolentesque
1243 759 1452 807 Berengario
1470 757 1635 805 paruiffe:
1655 771 1744 805 quae

984 812 1086 847 verba
1114 811 1274 847 homines
1302 809 1405 845 nobis
1431 807 1600 845 exhibent
1633 806 1745 844 fortu-

982 876 1062 898 nam
1090 861 1267 898 Guidonis
1295 860 1430 909 prorsus
1457 859 1667 902 adorantes,
1705 872 1744 893 u-

983 913 1011 948 ti
1039 914 1073 948 &
1101 925 1210 960 quum
1238 912 1360 960 ajunt,
1397 909 1564 946 inimicos
1591 910 1643 944 bis
1674 907 1744 952 jam

977 964 1060 1010 fuga
1086 963 1209 1010 lapfhs‚
1237 972 1272 996 ut
1292 962 1422 1006 fumus,
1459 958 1643 1004 evanuiffe:
1670 972 1742 994 non

981 1014 1077 1049 enim
1114 1014 1165 1049 ita
1203 1025 1277 1049 rem
1313 1011 1512 1047 describunt
1549 1008 1745 1054 Histoi-ici,

981 1064 1042 1112 qui
1070 1063 1193 1101 iisdem
1222 1062 1439 1111 temporibus
1472 1060 1638 1097 floruere.
1675 1061 1745 1095 Ce-

982 1125 1095 1151 terum
1123 1113 1338 1150 diffimulare
1373 1114 1459 1148 nolo
1485 1111 1637 1160 ejusdem
1665 1109 1744 1146 Wi-

981 1166 1083 1202 donis
1110 1165 1265 1201 nondum
1297 1163 1522 1212 Imperatoris
1551 1162 1744 1210 Diploma,

981 1216 1116 1253 editum
1145 1217 1188 1251 ab
1214 1215 1385 1265 Ughellio
1412 1215 1449 1250 in
1478 1212 1641 1263 Episcop.
1660 1214 1745 1248 Fae·

980 1267 1089 1303 fulan.
1116 1269 1236 1303 Tomo
1275 1268 1339 1302 111.
1376 1264 1500 1301 Italiae
1526 1266 1670 1307 Sacrae,
1706 1263 1742 1298 8<

982 1318 1102 1354 datum
1140 1320 1212 1352 VII.
1239 1318 1409 1353 Kalendas
1433 1315 1537 1359 Junii
1561 1318 1663 1349 Anno
1689 1315 1745 1347 In-

981 1369 1173 1403 carnatt'om's
1205 1367 1388 1402 Dominicae
1424 1367 1614 1400 DCCCXC.
1651 1363 1745 1398 Indi-

981 1418 1081 1452 &tone
1116 1419 1207 1452 VIII.
1242 1421 1344 1452 Anno
1379 1419 1502 1451 Domno
1537 1415 1672 1449 Widone
1707 1413 1743 1447 in

980 1470 1082 1503 Italia
1107 1479 1258 1515 regnante
1291 1467 1418 1502 Primo.
1454 1466 1490 1501 Si
1526 1463 1621 1500 hisce
1647 1463 1743 1499 notis

980 1516 1062 1554 fides
1091 1517 1267 1561 habenda,
1306 1517 1375 1564 jam
1403 1515 1532 1558 sentis,
1559 1516 1601 1550 ab
1628 1516 1740 1549 Anno

981 1569 1318 1605 DCCCLxxxlx.
1346 1565 1577 1602 arcessendum
1615 1564 1680 1599 effe
1706 1577 1742 1599 e-

979 1619 1143 1654 xordium
1173 1617 1286 1665 Regni
1313 1615 1498 1652 Widonis.
1527 1614 1590 1650 Sed
1618 1627 1688 1649 non
1709 1613 1740 1649 is

978 1668 1023 1704 est
1050 1668 1265 1716 Ughellius,
1301 1667 1359 1702 cui
1387 1669 1467 1702 tuto
1494 1665 1627 1714 semper
1656 1664 1739 1700 fide-

978 1733 1014 1755 re
1041 1717 1231 1768 poflimus.

1053 1770 1235 1805 Ludo-vicus
1277 1769 1468 1804 Provinciae
1512 1772 1585 1803 Rex
1628 1768 1739 1805 Anno

980 1822 1159 1857 DCCCC.
1200 1819 1266 1855 hoc
1303 1820 1348 1855 est
1383 1820 1454 1867 jam
1493 1818 1566 1854 fato
1607 1817 1739 1855 fungiis

977 1871 1141 1907 Guidone
1168 1872 1201 1906 ὅ(
1230 1870 1427 1906 Lantberto
1455 1869 1528 1917 ejus
1557 1868 1635 1905 filio
1662 1872 1739 1905 Au-

977 1921 1102 1971 gustis,
1140 1921 1305 1957 Italicum
1334 1923 1494 1968 Regnum
1522 1920 1556 1954 &
1584 1918 1656 1967 ipse
1683 1919 1739 1955 in-

978 1972 1063 2008 vafit
1075 2001 1085 2017 ,
1104 1972 1348 2023 potioremque
1364 1971 1462 2007 illius
1480 1979 1610 2018 partem
1628 1982 1739 2018 quum

978 2023 1189 2072 Berengario
1216 2022 1415 2070 eripuisset,
1452 2020 1577 2057 Ticini
1605 2021 1642 2055 in
1672 2023 1740 2056 Re-

979 2074 1036 2123 gia
1063 2073 1331 2123 Langobardica
1363 2075 1438 2108 Rex
1469 2071 1592 2107 Italiae
1621 2071 1741 2107 consa-

977 2126 1108 2161 lutatus
1145 2124 1209 2161 est.
1248 2126 1302 2160 At
1335 2137 1378 2159 ne
1414 2123 1481 2157 hoc
1517 2121 1659 2170 quidem
1689 2121 1739 2157 fa-

977 2175 1072 2211 &um
1090 2175 1215 2224 absque
1230 2175 1403 2211 eleEiione
1419 2172 1623 2208 Italicorum
1638 2171 1740 2207 Prin-

978 2226 1119 2274 cipum,
1155 2224 1467 2274 locupletiffimum
1495 2222 1613 2259 testem
1647 2223 1738 2259 dabo

978 2277 1050 2324 ejus
1081 2276 1251 2324 Diploma
1288 2275 1482 2311 concessum
1522 2275 1625 2309 Petro
1652 2273 1739 2322 Epi-

978 2326 1080 2375 scopo
1109 2327 1301 2367 Arredno,
1340 2325 1434 2374 quod
1461 2324 1550 2360 olim
1578 2322 1737 2372 descripsi

975 2391 1018 2414 ex
1047 2377 1243 2414 Tabulario
1270 2377 1534 2413 canonicorum
1563 2373 1736 2412 Civitatis

976 2428 1136 2466 Arretii.
1164 2431 1218 2466 Ita
1244 2441 1328 2465 vero
1354 2427 1388 2464 se
1414 2426 1539 2464 habet.

1609 2578 1687 2618 Pri-¹
