2195 3032
483 250 546 291 95·
787 233 1174 293 ANTJQHT.
1224 233 1450 279 MEDJJ
1495 234 1668 279 AEVJ

1905 225 2004 294 96ς

426 297 556 332 Carolo
594 296 728 343 Magno
764 294 931 342 paruisse,
960 295 1095 330 elucere
1130 296 1239 348 vi·lA
1264 305 1456 341 peratorem
1487 295 1736 343 conqueritur,
1764 297 1899 344 Populos
1932 300 2026 335 selas

425 347 526 383 detur
545 359 587 381 ex
614 345 766 393 Epistola
794 347 852 380 XI.
873 344 1005 381 Leonis
1032 347 1095 381 III.
1122 348 1182 382 Pa-

425 411 509 445 pae,
538 399 657 432 Tomo
686 397 767 430 VII.
795 395 992 431 concilior.
1025 397 1181 441 Labbei,

426 448 462 483 in
485 460 550 494 qua
572 447 600 481 is
626 446 785 494 loquitur
809 446 849 481 de
875 448 1070 482 Fortunato
1095 450 1173 483 Gra-

426 497 515 532 densi
544 495 843 544 Archiepiscopo,
871 497 926 545 qui
957 508 1081 544 propter
1111 510 1178 546 per.

419 548 604 593 secutionem
639 550 848 592 Graecorum,
879 547 937 592 seu
976 549 1181 584 Veneticum-m

427 600 549 635 Polam
571 597 636 633 sese
658 607 853 646 receperat.
879 600 1064 647 Propterea
1087 602 1180 635 Dan-

423 649 524 684 dulus
553 648 649 696 supra
687 659 898 684 memoratus
927 649 962 684 in
1000 649 1180 686 Chronico

424 700 506 735 Lib.
535 711 568 746 7.
595 701 682 746 Cap.
711 710 766 745 15.
795 699 831 734 in
861 699 943 735 haec
968 701 1073 735 verba
1101 701 1162 736 scri

423 749 508 799 pfit:
537 749 675 796 Pipinus
710 754 782 784 Rex
817 751 953 793 Italiae,
981 761 1018 784 ut
1053 752 1180 798 quidam
1212 786 1215 787 γ

415 801 578 847 scvibunt,
612 801 810 848 provinciam
855 801 1053 835 Venetiarztm
1089 803 1174 836 Nice-

418 852 517 899 phoro
536 851 880 898 Constantinopolitano
902 852 1105 898 Imperatori,
1130 852 1177 895 ju·

423 913 479 937 xta
502 902 614 947 foedus
641 902 758 947 censuit
786 902 1021 949 relinquendam
1038 929 1046 938 .
1084 905 1177 938 Tum

422 953 506 989 Lib.
536 955 568 989 8.
595 954 682 999 Cap.
713 965 744 988 1.
781 952 961 988 sicardum
995 953 1179 992 &,Gode‹

422 1003 552 1039 fridum
594 1003 789 1039 Historicos
829 1002 991 1051 sequutus
1008 1032 1018 1048 ,
1060 1017 1177 1052 pacem

423 1054 571 1090 referens
596 1055 614 1089 ὲ
639 1056 770 1090 Carolo
795 1056 929 1104 Magno
951 1068 1028 1090 cum
1055 1055 1179 1090 Orien-

420 1105 469 1141 tis
505 1106 777 1154 Imperatoribus
814 1105 1058 1150 constitutam,
1096 1106 1178 1142 haec

422 1156 541 1192 addit:
569 1161 630 1192 Per
653 1158 705 1192 hoc
728 1160 892 1193 Decretum
916 1158 1048 1192 Carolus
1070 1168 1179 1205 appro-

423 1208 522 1252 bans,
543 1212 624 1255 quod
649 1222 716 1243 cum
738 1209 907 1255 Nicephoro
930 1208 1033 1243 affirm
1052 1208 1180 1252 suerat,

423 1271 538 1293 novam
577 1260 737 1293 Venetiam
768 1262 789 1292 ἁ
809 1259 844 1303 se
870 1259 1058 1294 abdicavit.
1098 1261 1178 1294 Non

422 1321 504 1356 ergo
532 1308 569 1343 in
599 1309 716 1344 Italici
746 1309 858 1357 Regni
887 1310 959 1357 jure
988 1309 1179 1352 Venetiae,

422 1358 562 1405 ejusque
582 1368 750 1407 cognatae
769 1359 902 1394 Insulae
922 1359 1065 1395 relifflae
1082 1359 1179 1394 sunt.

421 1412 543 1456 Atque
571 1408 653 1444 haec
677 1409 796 1443 omnia
825 1419 923 1443 extra
947 1409 1181 1444 dubitationis

422 1461 533 1494 aleam
563 1458 669 1507 posita
707 1469 781 1494 turn
811 1458 955 1506 quisque
992 1458 1180 1502 fatebitur,

421 1523 528 1557 quum
551 1510 648 1558 supra
670 1520 903 1545 memoratum
928 1510 1096 1557 Diploma
1117 1512 1179 1544 Ot-

420 1560 516 1596 tcnis
538 1562 583 1595 11.
601 1563 708 1594 Anno
731 1562 1104 1595 DCCCCLXXXIII.
1125 1560 1182 1594 da-

420 1621 519 1655 tum,
547 1611 580 1645 8<
611 1623 690 1645 cum
723 1610 1005 1657 praecedentibus
1033 1609 1181 1644 omnino

421 1675 565 1697 concors
593 1660 721 1696 iterum
760 1659 936 1695 consulet.
975 1659 1055 1694 Illic
1085 1660 1178 1695 enim

420 1712 594 1760 Augustus
635 1711 763 1759 apertis
804 1710 919 1746 verbis
962 1713 1176 1746 Venetorum

421 1763 594 1798 ditionem
623 1761 842 1797 discriminat
871 1763 888 1796 ὲ
921 1760 1033 1810 Regni
1060 1761 1177 1803 Italici

420 1814 549 1849 finibus
563 1842 571 1857 ,
593 1812 776 1860 inquiens:
796 1813 843 1846 Hi
863 1812 934 1854 sunt
953 1826 989 1846 ex
1009 1811 1105 1854 nostro
1119 1811 1175 1856 sci-

421 1866 493 1898 licet
502 1864 596 1909 jure,
614 1863 782 1910 Papierzses
794 1890 803 1906 ,
821 1862 1095 1907 Mediolanenses,
1112 1863 1179 1897 &a

421 1916 465 1949 (θ’
495 1914 596 1949 ετεπῖἷὶ
633 1914 665 1947 ln
693 1913 790 1955 nostro
826 1913 935 1948 Italico
962 1917 1092 1960 Regno.
1129 1915 1182 1947 Ex

418 1965 580 2013 praediffo
604 1977 676 1998 vero
700 1967 828 1999 Ducam
854 1964 1000 1998 Veneriae
1018 1964 1095 2008 sunt
1119 1964 1179 1997 Ri-

422 2015 587 2060 valdenses
613 2015 730 2061 (nunc
755 2014 902 2061 Rialto)
926 2015 1178 2049 Methamaucen.

417 2067 468 2112 ses
480 2095 488 2110 ‚
509 2065 712 2113 Clugienfhs,
728 2064 1027 2112 Caputargelenses‚
1045 2065 1111 2098 &c.
1128 2066 1180 2099 Ex

424 2117 478 2152 his
526 2129 638 2160 vero,
677 2129 764 2163 quae
800 2115 1016 2158 attulimus,
1053 2114 1150 2149 vides
1172 2143 1181 2159 ‚

424 2167 601 2215 quousque
630 2166 689 2202 sub
714 2167 844 2202 Carolo
872 2167 1005 2214 Magno
1031 2166 1178 2213 Impera-

425 2229 499 2253 tore
517 2217 722 2266 produe'turn
739 2216 844 2252 fuerit
861 2217 984 2252 Italiae
1001 2218 1179 2264 Regnum.

425 2271 471 2304 Et
492 2269 632 2315 quidem
655 2268 714 2303 diu
737 2269 869 2315 Regum
896 2266 1100 2302 Italicorum
1123 2279 1181 2314 po-

425 2320 524 2353 testas
552 2319 587 2353 in
616 2318 660 2354 iis
695 2318 849 2367 partibus
886 2316 1057 2352 substitit.
1090 2319 1180 2352 Nam

426 2370 463 2403 in
496 2369 704 2413 paralipom.
735 2368 919 2414 Anonymi
949 2367 1180 2411 Salernitani,

428 2421 521 2454 Part.
547 2420 590 2453 [Ι.
615 2419 724 2453 Tomi
752 2421 795 2453 Π.
826 2421 951 2453 Rerum
980 2419 1179 2453 Italicarum

427 2471 459 2504 δε
482 2469 569 2516 apud
592 2469 780 2503 Rammium
803 2469 841 2503 ad
866 2472 1008 2504 Annum
1035 2471 1179 2504 DCCC-

428 2521 560 2556 LXXI.
597 2519 799 2554 Ludovicus
838 2521 882 2553 ΙΙ.
917 2522 1110 2567 Imperator
1146 2519 1180 2553 in

427 2570 581 2619 Epistola
611 2569 652 2604 ad
681 2568 844 2604 Eas-,silium
872 2572 1084 2606 Graecorum
1113 2571 1181 2605 Im·

1263 347 1376 381 veniae
1403 346 1520 389 nostrae
1556 348 1589 381 in
1617 347 1839 395 captivitatem
1873 350 2025 384 adduffos

1263 399 1281 432 a
1308 398 1473 441 Graecis,
1502 397 1570 433 five
1602 398 1643 433 ab
1671 411 1791 433 eorum
1830 401 1929 436 Duce
1957 400 2029 436 Ni-'

1267 458 1338 483 ceta
1372 448 1549 483 Patricio.
1588 448 1739 493 Nescio,
1767 463 1809 485 an
1847 449 1908 486 sub
1934 451 2028 485 Scla-

1265 512 1378 533 vonme
1408 499 1551 533 nomine
1587 501 1779 544 Dalmatia,
1808 514 1913 548 quarn
1945 501 2027 536 Del-

1267 549 1395 584 matiam
1415 549 1553 595 antiqui
1574 550 1726 598 Lapides
1746 553 1920 598 appellare
1941 565 2027 588 con-

1268 600 1471 642 sueverunt,
1506 598 1647 643 veniat,
1676 613 1718 634 an
1756 602 1879 645 Illyrici
1913 602 2026 638 etiam

1270 664 1340 690 aars
1362 649 1576 698 designetur,
1601 663 1688 697 quae
1710 651 1862 699 Regibus
1887 653 2026 688 Italicis

1265 701 1438 749 paruerit.
1481 703 1588 735 Anno
1625 713 1765 749 quoque
1806 704 2025 739 DCCCXX.

1265 751 1315 786 uti
1341 765 1384 787 ex
1407 751 1604 786 Annalibus
1631 752 1845 788 Bertinianis
1870 753 2025 799 constat,

1263 803 1495 845 Carniolenses,
1525 803 1567 836 (J
1593 803 1769 837 Carentani
1804 803 2024 840 deditionem

1263 852 1372 888 fecere
1400 854 1550 887 Baldrico
1586 853 1812 898 Marchioni,
1843 854 1899 890 seu
1931 853 2024 891 Duci

1265 902 1515 951 Forojulienfi.
1556 905 1649 939 Duas
1678 913 1794 939 tamen
1832 904 1911 940 illas
1941 907 2026 941 Pro-

1265 953 1399 988 vincias
1427 962 1608 1001 propterea
1643 953 1680 988 in
1712 956 1887 991 Ducatum
1917 959 2025 991 Foro-

1265 1003 1445 1052 juliensem
1475 1003 1637 1040 coaluisse
1664 1016 1734 1039 non
1763 1006 1934 1042 arbitror.

1315 1056 1422 1089 Oram
1452 1053 1631 1089 Adriatici
1669 1055 1816 1101 legendo
1843 1070 1886 1092 ex
1915 1058 2024 1093 altera

1266 1115 1383 1153 parte,
1421 1104 1647 1153 Langobardi
1676 1105 1851 1142 dominati
1880 1106 1959 1143 sunt
1986 1121 2027 1143 u-

1264 1155 1345 1204 sque
1370 1155 1411 1190 ad
1439 1156 1523 1190 fines
1544 1155 1760 1192 Exarchatus
1786 1157 2023 1202 Ravennatis,

1264 1206 1330 1242 hoc
1358 1206 1403 1242 est
1431 1205 1535 1254 usque
1563 1207 1603 1241 ad
1632 1207 1804 1253 reliquam
1832 1207 1932 1243 illam
1956 1211 2026 1244 Ita-

1264 1257 1332 1293 liae
1360 1256 1559 1305 portionem
1578 1285 1587 1301 ‚
1617 1270 1721 1305 quam
1750 1260 1876 1294 Graeci
1905 1258 2026 1295 adver-

1265 1307 1317 1344 sus
1360 1308 1532 1356 impetum
1580 1308 1868 1356 Langobardicae
1909 1310 2026 1358 gentis

1264 1359 1325 1394 diu
1352 1359 1459 1393 tutati
1483 1358 1559 1393 sunt
1580 1358 1617 1392 in
1640 1358 1797 1393 Aemilia
1819 1368 1922 1407 atque
1948 1362 2027 1396 Fla-

1266 1408 1397 1442 minia.
1436 1409 1493 1442 Ab
1521 1407 1691 1442 Exarchis
1719 1418 1859 1452 autem,
1897 1421 1935 1444 ut
1963 1423 2029 1445 no.

1266 1467 1343 1493 tum
1372 1457 1443 1501 est,
1475 1457 1634 1506 supremo
1662 1459 1877 1494 Graecorum
1907 1459 2028 1509 Magi-

1266 1508 1392 1552 stratu,
1421 1522 1459 1543 ea
1488 1508 1585 1556 regio
1613 1511 1741 1543 nomen
1770 1509 1905 1558 accepit
1925 1538 1935 1552 ,
1963 1510 2027 1558 qui

1268 1562 1476 1601 Ravennae,
1507 1558 1543 1593 in
1567 1559 1661 1594 Urbe
1683 1558 1889 1605 fortissima‚
1912 1560 2029 1596 seden-

1268 1619 1318 1644 tes
1361 1608 1557 1644 universam
1603 1609 1826 1645 Provinciam
1872 1611 2030 1647 modera-

1267 1660 1412 1702 bantur,
1441 1658 1572 1707 ipfique
1601 1661 1733 1695 Romae
1752 1660 1804 1708 jus
1826 1660 2027 1706 interdum,

1266 1711 1298 1745 ἃ
1321 1710 1462 1757 quidem
1487 1710 1722 1757 impotenter,
1738 1711 1921 1746 dicebant.
1939 1714 2027 1747 Sunt

1266 1760 1327 1808 qui
1355 1759 1615 1804 Exarchatum,
1653 1761 1791 1808 qualern
1822 1774 1941 1796 eorum
1970 1764 2028 1797 de-

1268 1811 1387 1846 fideria
1415 1812 1575 1854 vellent,
1604 1824 1696 1846 nunc
1725 1811 1880 1847 mirabili
1911 1812 2026 1848 facili·

1269 1871 1340 1897 tate
1367 1861 1429 1896 fibi
1467 1861 1642 1910 pingunt.
1680 1863 1756 1910 Ego
1793 1862 1830 1897 in
1867 1872 2026 1899 veterum

1268 1912 1397 1948 chartis
1426 1925 1496 1947 non
1525 1912 1798 1960 imaginationes
1827 1926 1941 1958 meas,
1972 1913 2027 1949 sed

1268 1963 1453 1998 veritatem
1482 1976 1585 1998 unam
1616 1962 1835 1999 sincerissime
1872 1963 2027 2011 expisca-

1269 2014 1349 2049 bor.
1388 2013 1505 2060 thue
1542 2013 1583 2048 ad
1612 2022 1768 2059 tempora
1797 2016 1917 2049 Caroli
1948 2016 2028 2050 Ma.

1268 2064 1327 2112 gni
1356 2063 1531 2099 instabiles
1559 2062 1699 2098 fuerunt
1727 2063 1763 2098 in
1793 2063 1886 2099 hisce
1919 2065 2028 2112 parti.

1269 2116 1328 2149 bus
1356 2113 1441 2148 fines
1469 2113 1562 2148 inter
1585 2113 1835 2161 Langobardos
1859 2115 1892 2149 Sc
1921 2117 2030 2152 Grae.

1270 2178 1350 2200 cos.
1381 2163 1509 2199 Primis
1537 2163 1823 2211 Langobardicae
1855 2164 2026 2212 irruptio.

1276 2216 1329 2250 nis
1358 2214 1456 2249 anuis
1484 2214 1661 2249 Alboinus
1699 2216 1772 2249 Rex
1809 2215 2027 2262 Plaaentz‘am,

1269 2269 1417 2300 Parmam
1434 2293 1443 2308 ,
1479 2264 1637 2311 Regium,
1665 2278 1700 2298 ac
1726 2266 1893 2299 Mutinam
1921 2268 2029 2302 Grae.

1270 2316 1318 2351 cis
1356 2314 1516 2350 ademisse
1553 2314 1701 2349 omnino
1739 2315 1904 2351 videtur.
1942 2317 2028 2364 Ejus

1270 2366 1443 2401 Successor
1471 2368 1550 2399 Foro
1577 2365 1684 2400 etiam
1713 2367 1875 2411 Cornelii,
1913 2366 1967 2402 seu
1997 2370 2030 2403 I.

1271 2418 1352 2450 molt}
1379 2415 1513 2464 potitus
1540 2415 1603 2450 est.
1627 2418 1757 2450 Verum
1782 2418 1888 2451 Anno
1915 2419 2028 2454 DXC.

1276 2467 1467 2501 Mauritius
1491 2468 1682 2508 Imperator
1702 2466 1838 2502 foedere
1859 2467 1931 2502 ino
1948 2481 2027 2503 cum

1273 2516 1502 2554 childeberto
1530 2519 1741 2552 Francorum
1772 2520 1885 2566 Rege,
1913 2519 1946 2552 3<
1969 2531 2028 2553 va-

1273 2580 1343 2604 nua
1372 2567 1596 2617 expeditione
1624 2568 1661 2604 in
1691 2568 1940 2616 Langobardos
1977 2567 2028 2612 fa«,

1916 2617 1974 2657 &a
