2195 3032
198 235 281 284 ⁶53

480 223 987 269 DISSERTATIO
1046 225 1408 268 SEPTIMA.

1603 231 1689 282 654

187 287 382 321 Adelbertus
407 288 520 331 Jvedx
546 284 586 318 θ’
620 281 739 328 NI'ffns
775 283 896 318 Donni
920 286 954 320 A
984 283 1037 320 dit
1074 295 1191 321 autem
1227 285 1386 321 laudatus
1416 286 1536 320 Petrus
1564 285 1744 322 Diacoms

136 337 335 384 Imperatoris
362 347 486 384 rogatus
505 333 691 380 subscripsi.

186 390 258 434 Ego
284 387 338 434 qui
357 387 455 432 supra
475 384 646 426 Reflaldus
665 385 821 419 Notarius
838 384 890 429 sa-

136 438 180 471 cri
207 437 332 473 Palacii
347 464 356 479 ‚
387 435 520 481 scriptor
547 434 621 480 ujus
647 436 777 469 Cartm'e
804 436 891 482 offir-

127 487 229 529 stont's
250 486 417 533 postraslt'ti
443 486 587 531 complevi
614 486 656 519 (9-
681 487 756 519 dedi
771 512 779 520 .

186 539 294 572 Anno
331 535 437 571 etiam
465 538 628 571 MXVH.
657 535 808 571 Chartae
841 535 891 571 su-

137 600 196 636 pra
232 595 442 622 memoratae
474 586 659 622 Richildae
685 586 894 622 Comitissae

135 636 318 673 subscribit
354 638 426 685 ejus
464 636 569 672 frater
601 637 800 680 Lanfranczts
835 641 892 671 Co-

137 701 198 722 mes
232 687 357 723 Palacii
396 700 462 722 una
495 700 574 722 cum
603 688 808 734 M'zgt'ufredo
834 692 911 756 Co-¹

136 739 231 782 mite,
259 739 369 774 altero
397 737 494 773 illius
522 737 646 773 fratre.
674 738 781 783 Quod
808 752 891 787 quo
909 726 949 783 ΕΒ

135 789 242 824 modo
270 788 548 835 componendum
586 787 626 823 fit
654 801 733 824 cum
762 788 911 824 Charta

135 852 244 887 nuper
271 840 376 874 allata
403 838 503 874 Anni
540 840 721 874 MXVHI.
749 839 812 874 alii
841 839 892 875 vi-

134 889 268 924 derint.
290 889 381 924 Illud
399 889 505 925 etiam
523 889 778 932 animadverti,
798 902 889 925 nem-

133 952 174 987 pe
203 939 239 975 in
268 939 408 986 Synodo
437 939 562 975 Ticini
600 939 719 975 habita
749 940 891 975 circiter

132 992 280 1025 Annum
317 992 458 1026 Mxix.
498 991 517 1025 ὲ
557 989 749 1025 Βεηεάἰὲὶο
789 992 889 1025 VIII.

132 1039 307 1076 Pontifice
353 1042 589 1089 promulgatas
634 1039 732 1075 fuisse
776 1043 888 1088 Leges

133 1090 295 1137 quasdam
334 1092 482 1127 Henrici
521 1093 546 1125 s.
575 1090 746 1138 Augusti,
778 1089 889 1137 iisque

132 1141 356 1189 subscripsisse
391 1146 426 1175 O.
453 1141 605 1174 Comitem
640 1140 784 1175 Palatii.
822 1143 884 1175 At.

131 1205 197 1239 que
218 1191 301 1226 haec
323 1205 428 1239 pauca
450 1190 624 1226 sufficiant
647 1190 688 1225 ad
716 1190 882 1226 illustran-
926 1211 937 1216 -ν

132 1243 212 1276 dam
243 1241 365 1278 seriem
395 1250 550 1277 veterum
580 1240 706 1275 Palatii
733 1242 888 1275 Comitum

131 1293 169 1328 in
198 1293 325 1329 Italico
354 1295 494 1341 Regno.
525 1293 649 1339 Neque
676 1291 769 1326 enim
799 1293 888 1327 ultra

131 1343 314 1389 exquirere
350 1344 474 1385 lubet,
511 1355 598 1389 quos
629 1341 755 1377 exinde
785 1343 887 1378 Italia

130 1392 293 1428 habuerit
320 1392 490 1441 ejusmodi
520 1391 695 1440 dignitate
725 1401 886 1428 ornatos.

131 1443 226 1479 Illud
263 1443 380 1491 potius
418 1442 790 1486 commemorandum,
827 1457 883 1479 no·

132 1494 221 1530 biles
248 1493 349 1530 hosce
378 1496 655 1541 Imperatorum,
691 1492 760 1528 five
788 1494 886 1529 Itali-

130 1557 251 1581 corum
276 1548 408 1593 Regum
435 1543 637 1588 Ministr0s‚
658 1543 796 1591 quando
816 1558 885 1580 non

130 1605 229 1631 erant
256 1596 293 1631 in
322 1594 493 1631 comitiva
521 1594 625 1643 Regis
650 1603 708 1629 aut
737 1597 883 1642 Impera-

129 1646 240 1690 toris,
276 1646 401 1681 Ticini
439 1647 643 1694 plerumque
680 1645 888 1690 consedisse,
920 1663 951 1695 D

129 1696 191 1732 ubi
212 1696 385 1732 Palatium
406 1705 479 1731 erat
496 1695 612 1731 Italici
637 1695 761 1744 Regis,
779 1710 885 1744 quum

128 1746 279 1783 fortaffis
307 1746 415 1781 etiam
446 1745 669 1781 Provinciam
707 1746 807 1782 illam
837 1761 886 1782 re-

127 1805 250 1846 gerent
277 1796 486 1831 auffloritate
514 1795 608 1844 ipsa,
636 1810 703 1844 qua
731 1796 767 1831 in
796 1806 883 1833 cete-

129 1861 185 1884 ros
213 1849 367 1882 Ducatus
390 1856 449 1882 aut
476 1846 653 1882 Marchias
681 1847 882 1892 praeclario-

128 1911 182 1934 res
220 1897 406 1933 utebantur
436 1899 549 1932 Duces
585 1911 624 1932 ac
661 1894 905 1945 Marchionesl

129 1947 274 1984 Italiae.
305 1950 425 1984 Petrus
451 1948 629 1983 Diaconus
654 1948 690 1982 in
717 1948 906 1984 chronici

129 1998 303 2035 Cafinens.
341 1999 422 2034 Lib.
449 2011 484 2045 4.
512 1999 598 2046 Cap.
632 2001 688 2034 18.
725 1998 890 2034 meminit

130 2049 306 2098 cujusdam
346 2051 468 2084 Bertae
508 2048 664 2084 liberalis
705 2047 887 2092 feminae,

129 2114 235 2149 quam
263 2100 416 2148 appellat
443 2098 555 2134 filiam
583 2100 778 2146 Compalatii
804 2100 890 2134 Tici-
919 2113 947 2146 E

130 2151 254 2192 nenfis:
279 2150 373 2198 quod
401 2150 612 2185 vocabulum
642 2158 822 2197 propterea
851 2149 888 2185 in

129 2201 227 2237 fuum
249 2200 460 2236 Glossarium
487 2199 612 2236 intulit
636 2200 886 2249 Du-Cangius.

130 2253 184 2287 At
208 2251 310 2287 facile
337 2251 594 2300 intelligimus,
615 2252 704 2286 olim
729 2250 780 2286 ibi
806 2250 885 2287 scri·

133 2309 234 2348 ptum
263 2301 360 2337 fuisse
389 2306 474 2336 Com.
494 2302 642 2346 Palatii,
669 2315 730 2345 pro
757 2302 890 2336 Comitis

131 2351 288 2394 Palati&
323 2352 564 2388 amanuensem
601 2354 684 2387 vero
721 2351 886 2401 imperite

131 2411 318 2449 utrumque
335 2403 542 2439 vocabulum
559 2402 775 2451 conjunxisse
787 2430 795 2438 .
817 2404 883 2438 At-

130 2466 197 2499 que
224 2451 307 2487 hinc
335 2453 441 2488 etiam
471 2463 586 2502 patere
616 2453 745 2502 potest,
782 2467 800 2488 a
828 2455 884 2488 Ti.

132 2502 246 2544 :ineufi
272 2503 399 2538 Palatio
435 2503 628 2539 derivatam
664 2504 796 2538 Comitis
822 2508 884 2539 Pa·

134 2554 208 2589 {atii
236 2553 274 2590 in
303 2553 408 2590 Italia
447 2554 739 2603 appellationem.
776 2554 884 2590 Addi-

985 347 1109 371 vocem
1134 336 1309 378 Ticinenfis
1328 336 1458 383 (quam
1484 334 1614 382 reliqui
1636 339 1748 374 omit-

983 394 1056 421 tere
1083 385 1359 430 consueverunt,
1390 386 1440 421 sat
1468 385 1599 422 conscii
1628 389 1743 424 nomi-

981 449 1024 471 ne
1043 437 1169 470 Palatii
1195 451 1291 471 unum
1310 436 1500 472 Ticinense
1527 436 1739 487 significari)

983 485 1121 522 fortasse
1143 487 1223 534 quia
1245 487 1304 522 ubi
1325 487 1355 522 is
1376 486 1568 531 scribebat,
1595 489 1653 523 sub
1676 489 1741 525 hoc

984 537 1127 572 nomine
1167 537 1407 586 defignabatur
1443 539 1572 573 Comes
1614 540 1741 575 Palatii

986 588 1247 623 Beneventani.

1037 640 1141 674 Nunc
1167 638 1402 686 prodendum,
1423 651 1511 686 quae
1531 652 1644 675 rerum
1667 654 1744 677 ver.

985 687 1060 736 rigo
1082 691 1232 722 Comitem
1257 689 1383 723 Palatii
1406 688 1443 723 in
1469 689 1596 724 Italico
1621 693 1743 738 Regno

985 739 1136 786 primum
1162 739 1382 787 depresserit,
1408 748 1483 774 tum
1509 740 1657 775 omnino
1685 741 1744 777 ab·

984 789 1136 837 rogarit.
1167 791 1302 837 Nempe
1328 789 1399 836 post
1419 791 1565 825 Annum
1594 791 1612 825 ὲι
1638 791 1743 827 Chri.

983 839 1030 874 sto
1058 849 1142 874 nato
1169 839 1423 883 Millesirnum,
1453 849 1491 875 ut
1517 840 1576 875 suo
1599 842 1679 877 loco
1705 855 1742 877 0-

984 889 1161 933 stendam,
1192 889 1311 924 sensim
1341 891 1507 937 assurgere
1535 891 1572 925 in
1600 891 1744 926 liberta-

984 949 1053 974 tem
1080 949 1268 988 coeperunt
1294 940 1439 974 Italicae
1461 940 1591 984 Urbes,
1617 942 1650 975 ὅ(
1673 943 1744 977 Im.

985 990 1172 1037 perialibus
1209 989 1383 1024 Ministris
1421 990 1538 1035 locum
1578 990 1742 1037 eripere.

986 1039 1135 1074 Proinde
1162 1039 1231 1074 sive
1258 1039 1417 1074 adhibita
1443 1039 1503 1084 vi,
1532 1039 1600 1076 sive
1629 1043 1744 1090 Impe-

982 1089 1155 1125 rator-ibus
1181 1089 1476 1133 conniventibus,
1505 1091 1645 1126 coaetus
1666 1102 1722 1127 tar
1717 1114 1743 1127 «-

981 1140 1058 1175 dem
1088 1140 1134 1176 est
1162 1140 1280 1175 Italici
1313 1139 1441 1175 Palnii
1471 1142 1599 1176 Comes
1629 1143 1743 1178 absce-

981 1191 1058 1226 dere
1087 1204 1129 1226 ex
1158 1191 1253 1225 Urbe
1273 1190 1474 1235 Ticinenli,
1504 1191 1668 1240 suamque
1696 1194 1743 1229 se.

982 1240 1059 1275 dem
1088 1241 1295 1276 constituere
1333 1241 1369 1276 in
1397 1241 1539 1288 Oppido
1568 1241 1620 1278 sui
1657 1244 1743 1291 juris

984 1292 1125 1326 Lumello
1137 1319 1146 1334 ,
1164 1291 1232 1327 five
1248 1292 1412 1326 Laumello
1421 1292 1618 1328 Ticinenfis
1636 1295 1744 1331 Dioe-

981 1341 1081 1383 cesis,
1109 1342 1198 1378 unde
1220 1342 1331 1390 postea
1351 1355 1479 1377 nomen
1501 1345 1637 1390 accepit
1660 1347 1741 1380 Pro-

984 1392 1122 1436 vincia,
1159 1406 1247 1440 quae
1283 1392 1405 1428 nostris
1435 1394 1652 1441 temporibus
1679 1400 1741 1431 Lo.

980 1443 1109 1477 mellina
1133 1445 1347 1492 appellatur.
1376 1445 1491 1478 Immo
1516 1445 1549 1478 8<
1575 1444 1656 1481 inde
1680 1460 1741 1482 ex.

981 1494 1138 1529 turbatus
1175 1494 1237 1529 ille
1274 1493 1343 1529 fuit
1370 1495 1493 1530 Seculo
1522 1494 1739 1533 Christianae

984 1546 1092 1580 Aerae
1113 1545 1356 1588 Duodecimo,
1384 1545 1418 1579 8<
1443 1545 1479 1580 in
1501 1545 1660 1581 ordinem
1690 1561 1745 1583 ren·

981 1595 1129 1631 daftus.
1166 1595 1367 1630 Guntherus
1404 1596 1562 1644 egregius
1601 1599 1706 1633 Po'eta
1730 1625 1741 1643 ,

979 1646 1040 1693 qui
1069 1645 1247 1694 postremis
1275 1645 1445 1681 friderici
1475 1648 1501 1680 Ι.
1531 1647 1652 1691 annis,
1679 1657 1739 1684 aut

982 1697 1101 1744 paullo
1128 1694 1220 1744 post,
1250 1693 1394 1739 floruit,
1422 1695 1504 1731 Lib.
1534 1708 1566 1743 3.
1596 1697 1742 1745 Liguri.

981 1746 1041 1790 ni,
1079 1746 1297 1781 mentionem
1334 1745 1420 1781 facit
1453 1747 1611 1782 Comitis
1643 1750 1741 1784 Pala-

981 1797 1050 1832 tini
1085 1796 1123 1832 in
1159 1796 1303 1845 Oppido
1336 1797 1504 1832 Lumello
1534 1797 1740 1843 residentiS,

984 1847 1134 1883 scribens
1152 1861 1160 1882 :

1031 1923 1170 1970 Aspice,
1191 1924 1285 1969 quam
1303 1922 1390 1970 turpi
1406 1923 1537 1958 Lunelli
1556 1924 1658 1959 nobile
1677 1927 1741 1961 Ca.

1127 1973 1229 2015 strum
1246 2001 1255 2017 ‚

1030 2027 1141 2070 Atque
1156 2024 1306 2058 Palatini
1319 2027 1344 2058 5
1345 2025 1429 2058 edem
1441 2051 1450 2066 ,
1463 2023 1602 2072 fidosquze
1613 2036 1743 2072 penates

1031 2077 1172 2109 Verterat
1199 2075 1259 2109 illa
1285 2075 1375 2110 dolo.
1406 2075 1558 2110 Comitem
1584 2077 1739 2124 Civesque

1130 2126 1263 2160 vocabat
1287 2126 1355 2160 &a

981 2199 1207 2236 Scribendum
1236 2199 1314 2236 heic
1343 2201 1500 2236 Lumelli.
1529 2203 1630 2247 Quae
1658 2207 1739 2239 verb

978 2259 1078 2286 antea
1104 2250 1194 2287 foret
1215 2251 1371 2287 Comitis
1397 2251 1596 2300 hujusmodi
1621 2253 1735 2298 ditio,

980 2300 1151 2350 significat
1177 2301 1272 2337 idem
1301 2304 1408 2337 Poeta
1436 2302 1606 2338 subdens:

1024 2379 1072 2411 Et
1100 2391 1181 2411 nunc
1210 2377 1262 2419 iste
1289 2380 1416 2422 Comes,
1452 2378 1569 2424 consors
1597 2379 1640 2414 (9⁶
1669 2384 1735 2415 Re.

1126 2428 1201 2473 gius
1226 2428 1338 2463 Ardae

1028 2478 1088 2513 Ille
1111 2488 1220 2525 potens
1246 2479 1422 2525 Princeps,
1443 2478 1507 2524 sub
1532 2491 1591 2527 quo
1618 2485 1738 2517 Roman

1131 2541 1173 2563 na
1192 2528 1309 2574 securis

1618 2615 1686 2642 13ae-
