2195 3032
195 242 276 281 203

477 220 989 266 DISSERTATIO
1051 221 1394 278 QUARTA.

1598 231 1681 264 206

132 286 195 321 nisi
223 287 290 320 alia
318 285 379 319 lux
407 283 589 329 affulgeat,
618 279 783 313 Tronariis
810 280 884 314 nul·
903 281 947 333 [A
979 280 1079 315 milia
1121 280 1331 327 dignitatem
1374 279 1469 314 suam
1512 280 1700 316 tuebantur
1725 290 1738 324 ,“

134 338 187 372 lus
215 335 291 371 heic
319 335 386 370 erit
412 346 470 381 per
496 344 551 365 me
578 332 675 364 locus
703 328 796 364 inter
823 328 883 363 Of.

135 387 216 422 ficia
251 385 372 421 domus
407 379 626 428 Augustalis.
669 379 886 420 Camerqrium

133 450 244 480 vero,
279 433 339 481 qui
374 436 522 466 Gamerae
558 429 615 465 seu
644 428 744 464 Fisco
773 429 885 477 Regio

135 486 317 535 praeesset,
345 480 598 516 consueverunt
625 479 750 514 habere
779 482 883 514 Fran-

134 548 252 573 corum
280 535 411 579 Reges;
441 531 494 566 uti
522 532 555 565 δε
582 530 767 572 Domesticos
791 542 886 564 com-

133 587 266 635 plures,
293 583 327 617 &
354 581 632 626 Manst'onarium,
659 593 751 616 nunc
778 584 882 626 ‚Quar-

132 632 352 675 tier-Mastro,
393 632 456 679 qui
492 631 684 667 manfiones
711 630 768 666 seu
788 629 886 666 aedes

129 683 313 720 itineranti
342 682 430 730 Regi
468 682 633 729 parabat.
670 681 888 716 Cubicularios

129 747 268 782 quoque
283 732 324 768 ad
340 731 599 768 custodiendum
622 730 797 780 Principis
814 732 883 766 Cu·
917 742 946 776 Β

131 784 288 819 biculum
324 782 533 830 destinatos;
571 783 605 816 &
640 781 885 824 Auricularios‚

132 834 200 869 five
225 837 245 868 ἂ
268 834 412 878 secretis,
450 845 598 880 quorum
636 844 761 866 munus
792 830 884 865 idem

131 897 208 920 cum
229 883 484 922 Consiliariorum
508 881 606 917 fuiffe
625 881 784 917 videtur.
811 882 882 915 Ho-

129 947 206 970 rum
234 933 376 982 vestigia
412 932 566 969 nondum
604 931 715 980 reperi
752 931 789 966 in
818 933 882 965 Ita-

133 984 211 1020 licis
233 983 470 1019 monumentis
483 1010 490 1018 .
511 983 696 1024 Consiliarii
712 985 795 1017 vero
811 983 880 1016 Au·

133 1034 303 1083 gustorum
331 1036 364 1069 ἃ
397 1036 531 1082 Regum
565 1033 661 1081 saepe
691 1044 879 1067 memoran-

133 1096 189 1120 tur
216 1085 250 1119 in
272 1097 390 1119 eorum
414 1083 629 1132 Diplomatis
652 1084 706 1117 vel
735 1082 794 1117 sub
816 1083 880 1115 Im·

132 1135 346 1183 peratori'ous
376 1134 575 1182 Francicisg
614 1143 718 1180 atque
746 1132 781 1167 id
810 1145 880 1166 mu-

130 1185 221 1220 neris
240 1183 455 1219 deferebatur
475 1184 720 1219 tantummodo
742 1181 880 1230 Episco-

128 1234 203 1283 pis,
230 1234 459 1278 Comitibus,
497 1233 630 1278 Vaffis,
668 1233 814 1280 aliisque
842 1232 880 1267 il·

130 1285 288 1320 lustribus
315 1284 422 1320 viris.
461 1284 554 1332 Ipsos
583 1288 665 1320 vero
700 1283 803 1327 l'aJJbs
830 1282 878 1317 in-

129 1345 182 1370 ter
211 1335 338 1369 Officia
367 1335 490 1370 domus
529 1335 657 1381 Regiae
696 1346 874 1369 connume

131 1394 223 1420 ratos
251 1384 348 1419 fuisse
366 1411 376 1427 ,
412 1384 502 1418 infra
538 1385 711 1418 ostendam
741 1383 778 1417 in
807 1382 878 1416 Dis-

129 1434 244 1470 serrat.
265 1436 307 1469 X.
326 1435 364 1467 de
383 1434 492 1468 minor.
512 1434 600 1478 Just.
622 1432 764 1474 Ministr.
784 1432 879 1479 quip-

129 1499 172 1531 pe
199 1497 340 1519 munere
366 1484 433 1519 illo
462 1484 664 1532 plerumque
701 1482 728 1517 ii
765 1481 879 1529 funge-

131 1536 280 1578 bantur,
307 1547 377 1581 quo
404 1547 495 1569 nunc
525 1535 694 1576 Nobiles,
722 1533 878 1566 Gentiluo-

130 1586 209 1618 mini
246 1583 438 1631 appellati.
476 1586 606 1618 Eorum
649 1595 773 1628 nempe
813 1592 884 1616 erat

129 1633 273 1668 honoris
301 1633 415 1668 caussa
451 1632 487 1667 in
519 1632 676 1675 Palatio,
714 1641 818 1678 atque
846 1631 881 1665 in
918 1639 945 1669 Ι)

131 1683 276 1719 Placitis
305 1682 430 1718 adstare
459 1691 518 1717 aut
539 1682 677 1717 affidere
699 1681 880 1729 Principi,

129 1747 168 1771 ac
195 1734 232 1769 in
260 1734 332 1781 ejus
360 1732 531 1768 comitiva
560 1733 623 1781 esse
643 1760 653 1776 ,
693 1733 748 1767 vel
775 1745 881 1779 quum

130 1785 233 1832 longa
256 1784 384 1819 itinera
412 1782 638 1830 suscipiebat.
666 1787 807 1817 Bar-ones
826 1796 876 1817 au-

130 1844 201 1870 tem
242 1833 383 1869 vetustis
420 1833 464 1868 iis
500 1834 652 1868 Saeculis
689 1832 880 1880 nuncupati

128 1884 348 1931 reperiuntur
374 1897 479 1930 quum
508 1885 590 1928 Vaffi
616 1882 700 1932 ipsi,
729 1893 805 1919 tum
832 1896 881 1918 re-

128 1935 220 1983 liqui
257 1934 426 1982 primores
460 1934 594 1982 Regni:
633 1947 721 1981 quae
747 1947 818 1968 vox
846 1933 882 1968 in

128 1984 314 2021 Germania
329 2012 338 2027 ,
360 1997 397 2019 ac
415 1986 535 2032 Regno
554 1985 792 2032 Neapolitano
812 1997 882 2031 per-

127 2037 252 2072 durat.
289 2033 470 2081 Ejusmodi
504 2047 642 2082 quoque
671 2034 782 2070 Vaffis
820 2035 879 2069 Be-

128 2085 252 2122 neficia
280 2084 348 2119 five
375 2084 489 2119 feuda
525 2084 702 2120 interdum
730 2084 879 2120 confere-

129 2138 272 2179 bantur,
288 2133 494 2181 quibuscum
515 2144 587 2170 erat
608 2148 804 2170 connexum
821 2134 883 2169 Of-

131 2187 250 2222 ficium
282 2185 446 2232 aliquod,
484 2194 566 2232 puta
594 2186 788 2230 Pium-nae,
827 2189 881 2219 Ve-

132 2238 268 2279 nataris,
299 2236 516 2279 Cubicularii,
553 2236 694 2280 Cmfim's
722 2237 789 2270 &a
817 2235 879 2270 Vi-

129 2287 171 2322 de
197 2286 233 2321 in
262 2286 438 2321 Differtat.
468 2288 527 2320 XI.
554 2288 593 2319 de
619 2287 786 2330 Allmliis,
822 2284 880 2320 sub

129 2346 216 2383 quot
241 2336 357 2371 titulis
385 2335 441 2371 sua
470 2335 584 2371 feuda
612 2337 817 2385 elargiretur
843 2349 878 2370 o-

129 2387 193 2422 lim
222 2386 420 2421 Patriarcha
448 2386 707 2435 Aquilejenfis,
736 2400 880 2435 magnae

129 2437 217 2472 olim
254 2437 427 2482 potentiae
455 2439 488 2472 δε
521 2437 741 2472 au6³t0ritatis
780 2437 875 2472 Prin-

127 2500 226 2535 ceps.
264 2488 386 2533 Neque
413 2487 505 2523 enim
544 2490 653 2536 Reges
681 2496 818 2523 tantum
843 2500 879 2521 ac

126 2539 357 2586 Imperatores
393 2536 569 2584 splendida
598 2539 793 2591 aulicorum
830 2537 876 2572 fa-

913 1192 943 1225 C

977 331 1031 365 sed
1051 332 1084 365 &
1106 331 1292 379 Episcopi,
1322 332 1458 372 Duces,
1485 328 1734 374 Marcffiones,

975 382 1009 415 δε
1037 382 1220 425 Comites,
1257 380 1382 428 quibus
1411 381 1606 427 complures
1634 391 1733 416 erant

977 430 1094 473 Vaffi‚
1133 433 1305 475 Barones,
1347 444 1385 466 ac
1422 429 1634 466 famulorum
1672 445 1736 466 nu-

978 481 1109 516 merosa
1145 481 1291 524 cohors,
1334 480 1476 529 singulis
1521 480 1735 518 certantibus

977 531 1014 567 in
1042 532 1173 567 honore
1201 531 1338 567 domini
1366 531 1440 574 sui,
1468 529 1536 565 five
1562 532 1734 577 Nobiles,

977 581 1045 617 ssve
1072 582 1269 629 ignobiles,
1297 580 1366 616 five
1393 581 1538 624 Liberi,
1566 580 1635 617 five
1659 584 1735 617 Ser.

979 632 1035 669 vi.
1063 632 1130 667 Uti
1156 630 1396 680 Liutprandus
1416 631 1454 666 in
1475 631 1631 667 Historia
1651 632 1734 668 Lib.

979 695 1011 718 z.
1040 684 1127 731 Cap.
1159 694 1214 718 ιο.
1235 680 1425 717 memoriae
1453 681 1632 728 prodidit:
1661 685 1737 719 Lu.

977 732 1124 769 dovicus
1154 734 1219 768 111.
1258 733 1454 780 Imperator
1490 730 1632 766 circiter
1658 734 1737 769 An-

979 796 1062 819 num
1089 782 1220 819 Christi
1248 782 1428 818 DCCGC.
1455 780 1577 815 Exiens
1602 783 1734 829 Papia,

974 833 1181 880 proficiscitur
1207 836 1346 875 Lucam,
1374 831 1429 866 ubi
1454 834 1616 876 decenter,
1645 834 1737 867 miro.

976 897 1033 931 que
1065 894 1182 931 paratu
1208 885 1249 918 ab
1282 882 1457 917 Adelberto
1485 881 1610 926 (Duce
1638 882 1735 917 vide.

977 935 1062 969 licet
1090 947 1128 968 ac
1156 933 1366 968 Marchione
1393 930 1570 978 Tusciae)
1602 932 1735 979 fitscipi-

977 995 1048 1018 tur.
1085 987 1252 1031 ‚Quumque
1288 982 1468 1017 Ludo-uisus
1504 982 1537 1015 in
1569 983 1657 1016 domo
1683 988 1736 1018 A.

975 1035 1106 1069 delberti
1133 1045 1178 1068 tot
1208 1034 1348 1068 militum
1383 1033 1538 1079 elegantes
1563 1031 1663 1079 arleff-2:
1689 1047 1734 1067 m.

973 1085 1046 1132 pias
1072 1095 1225 1127 cerneret,
1253 1094 1378 1118 tantam
1405 1084 1500 1116 etiam
1519 1083 1732 1129 dignitatem,

977 1145 1080 1181 totque
1107 1134 1260 1182 impensas
1284 1134 1488 1181 prospiceret,
1518 1133 1664 1168 invidiae
1685 1148 1734 1169 7³-

976 1186 1005 1219 lo
1031 1185 1133 1219 tatius
1162 1185 1234 1230 suis
1268 1185 1442 1219 clanculum
1479 1182 1580 1226 infit:
1610 1211 1633 1227 ,‚
1661 1186 1732 1219 Hic

977 1264 1000 1280 „
1029 1238 1105 1270 Rex
1140 1234 1258 1283 potius
1294 1247 1399 1283 quam
1435 1233 1601 1269 Marchio
1638 1245 1732 1282 pote-

979 1313 1002 1330 „
1031 1295 1084 1321 rat
1112 1285 1300 1333 appellari.
1330 1287 1369 1319 In
1391 1285 1490 1319 nullo
1514 1283 1642 1331 quippe
1669 1285 1734 1320 mi-

978 1363 1001 1379 „
1029 1336 1066 1371 hi
1087 1336 1131 1370 est
1152 1335 1320 1378 inferior,
1349 1334 1410 1369 nifi
1431 1333 1651 1368 solummodo
1672 1347 1733 1369 no-

978 1412 1001 1428 „
1030 1385 1182 1428 mine„.
1219 1387 1328 1419 Erant
1356 1393 1473 1418 autem
1511 1383 1733 1432 Principibus

977 1434 1231 1470 Beneventanis
1260 1434 1462 1483 Dignitates
1482 1434 1649 1481 quaedam
1674 1437 1733 1470 Pa-

977 1485 1134 1529 latinae,
1171 1498 1316 1532 quarum
1355 1483 1498 1519 nomina
1529 1492 1588 1519 aut
1616 1485 1633 1519 ὲ
1663 1487 1732 1521 La-

976 1535 1155 1578 tinorum,
1193 1544 1252 1570 aut
1279 1535 1298 1568 a
1329 1536 1542 1569 Graecorum
1581 1535 1732 1581 Impera.

978 1595 1093 1619 torum
1114 1585 1206 1619 Aula
1234 1584 1387 1618 mutuati
1413 1582 1571 1625 fuerant,
1601 1584 1653 1618 uti
1675 1589 1734 1618 Co-

976 1635 1063 1667 mitis
1090 1635 1236 1676 Palatii,
1264 1633 1516 1679 Protospatarli,
1544 1635 1706 1675 Gastaldii
1722 1663 1731 1680 3

975 1684 1168 1731 Topoteriti,
1196 1684 1337 1718 Portarii
1353 1711 1362 1727 ,
1400 1683 1604 1727 Thesaurarii
1618 1711 1629 1727 ,
1668 1689 1733 1719 Re.

977 1734 1167 1778 serendarii,
1210 1733 1419 1776 Λὲῗῐοηανὶῐ,
1463 1734 1631 1778 Vestiarii,
1678 1737 1734 1771 vel

979 1784 1168 1827 Vestararit‘,
1198 1784 1410 1826 Vicedomini,
1446 1785 1638 1828 Pincernae,
1667 1789 1734 1820 Ba.

971 1834 1080 1877 filici,
1108 1834 1305 1878 Candidati,
1332 1834 1497 1879 stratigi,
1535 1834 1674 1881 aliaque
1701 1850 1735 1870 e-

979 1884 1127 1927 jusmodi
1155 1897 1316 1919 munera.
1353 1885 1406 1918 Ita
1434 1883 1495 1931 ipfi
1533 1897 1672 1931 quoque
1700 1887 1732 1920 Ι.

976 1935 1081 1969 taliae
1111 1934 1290 1983 Principes
1319 1934 1387 1981 jam
1415 1941 1490 1968 tum
1520 1947 1599 1969 cum
1629 1935 1734 1984 Regi.

977 1986 1037 2020 bus
1065 1984 1328 2033 magnificentia
1365 1984 1568 2019 certabant.
1608 1987 1732 2034 Neque

977 2035 1107 2070 minori
1145 2036 1271 2082 pompa
1298 2035 1431 2070 Aulam
1468 2033 1562 2069 suam
1594 2035 1732 2071 decora-

919 2097 946 2130 Ε
977 2094 1049 2120 tam
1080 2085 1196 2121 voluit
1232 2085 1291 2120 sub
1323 2084 1469 2120 initium
1507 2087 1640 2121 Saeculi
1671 2089 1731 2122 XI.

980 2135 1185 2171 Bonifacius
1222 2135 1410 2179 hlarchio,
1447 2135 1638 2171 Mathildis
1663 2139 1734 2172 Co-

978 2186 1128 2220 mitiffae
1156 2186 1266 2233 postea
1296 2195 1412 2233 pater,
1450 2187 1620 2221 Mantuae
1648 2196 1732 2222 tunc

974 2237 1006 2270 &
1037 2236 1211 2271 ferrariae
1232 2235 1436 2271 dominans.
1466 2235 1623 2282 Accipe,
1644 2251 1731 2284 quae

972 2285 1096 2321 habeat
1125 2286 1262 2321 AuS'tor
1290 2285 1395 2320 Vitae
1431 2286 1549 2321 Sancti
1588 2289 1732 2332 Symeo-

973 2336 1026 2370 nis
1068 2337 1269 2378 Eremitae,
1312 2345 1396 2371 tunc
1437 2335 1474 2370 in
1513 2337 1730 2373 Monasterio

954 2385 1232 2425 lPadolironenfi
1268 2386 1460 2421 Mantuani
1491 2386 1565 2435 agri
1602 2387 1728 2435 degen-

954 2433 1037 2476 1τίς,
1066 2436 1154 2479 apud
1184 2435 1442 2471 Mabillonium
1473 2438 1565 2471 Part.
1594 2439 1620 2472 Ι.
1650 2440 1729 2474 Sae-

969 2486 1040 2521 culi
1070 2488 1132 2520 VI.
1163 2486 1404 2522 Benedifflini.
1432 2488 1727 2545 Mantuampro-

965 2537 1074 2572 fectus
1102 2536 1213 2572 fuerat
1241 2537 1386 2572 Sanetus
1413 2537 1594 2581 Eremita,
1632 2538 1726 2574 invi-

1578 2587 1673 2622 sendi
