2195 3032
495 250 517 279 ²1
561 249 575 276 1

487 252 610 339 Itai'que
638 289 733 326 Aula
770 290 905 336 Regum
949 289 1195 338 Langobardo-

436 354 513 377 mm
551 341 647 376 suum
689 338 813 373 habuit
849 338 1008 385 Majorem
1048 343 1194 386 Domus,

437 405 507 427 non
537 394 675 438 qualem
704 403 746 425 ex
775 388 908 424 summa
934 390 1063 426 inertia
1090 394 1193 427 Fran-

438 455 557 477 corum
586 445 695 490 Reges
715 440 983 489 NIerovingicae
1004 441 1117 490 stirpis
1138 442 1193 478 ha-

437 494 565 535 buere,
602 492 664 539 qui
692 490 860 526 videlicet
898 491 1017 527 demto
1053 493 1197 529 nomine

437 542 564 590 Regis,
590 555 732 576 omnem
755 541 901 590 Regiam
923 542 1125 590 potestatem
1146 554 1193 579 at-

436 606 502 638 que
523 592 770 628 auffloritatem
788 592 1008 642 absorbet-&3
1026 593 1080 628 sed
1099 596 1194 629 Prae·

437 642 567 678 feffium
599 643 759 687 Palatio,
798 642 865 678 five
891 644 1131 680 Oeconomiae
1159 658 1197 680 ac

437 693 609 729 Familiae
648 694 799 742 Regiae:
839 707 920 729 nam
947 694 984 729 id
1012 695 1045 731 ei
1073 709 1198 731 munus

435 743 637 791 injunzstum
674 752 780 792 puto.
819 744 946 780 Adhuc
978 745 1019 780 in
1056 747 1197 781 Italico·
1233 746 1259 779 B

435 807 513 830 rum
542 794 746 843 Principum
777 794 925 830 Palatiis
950 795 1103 844 dignitas
1140 797 1199 832 ista

436 844 620 892 perdurat,
642 858 681 881 ac
702 858 831 881 nomen
852 846 1111 892 Maggiordomo.
1134 849 1194 883 Pu·

438 895 526 932 blici
555 896 639 943 juris
677 895 762 932 fecit
801 895 987 945 Ughellius
1024 899 1144 933 Tomo
1174 901 1198 933 I.

438 947 519 981 Ital.
548 949 638 983 Sacr.
666 946 703 982 in
731 946 893 995 Episcop.
921 947 1079 984 Arretin.
1104 949 1194 991 Judi-

438 1006 557 1033 catum
585 997 773 1042 asmbrofii‚
811 997 873 1045 qui
901 999 1038 1041 Illustris
1073 999 1196 1045 Major-

437 1049 546 1082 domus
572 1049 769 1097 appellatur
785 1077 794 1092 ‚
833 1049 866 1083 in
895 1049 1043 1084 Civitate
1070 1051 1194 1085 Arreti-

438 1111 481 1133 na
517 1098 678 1134 habitum
715 1103 816 1135 Anno
857 1100 963 1135 Tertio
1002 1101 1200 1147 Limprandi

438 1150 562 1196 Regis,
599 1149 775 1185 Indiffione
810 1152 869 1185 XI.
905 1150 1004 1195 mense
1038 1151 1199 1198 ⁸Augusti.

440 1200 504 1234 Sed
533 1199 643 1236 scribe
680 1200 854 1236 [mamone
882 1203 975 1236 XIII.
1005 1212 1043 1237 ut
1070 1201 1107 1237 in
1137 1203 1197 1238 Di·
1234 1193 1265 1228 C

440 1250 598 1297 plomate
626 1250 847 1299 subsequenti
875 1251 978 1299 ipfius
1010 1252 1199 1300 Liutpran-

439 1299 501 1347 dig
539 1300 607 1335 hoc
634 1301 680 1336 est
707 1304 815 1336 Anno
846 1302 980 1338 Christi
1018 1305 1200 1339 DCCXV.

442 1351 475 1385 Is
500 1363 582 1398 ergo
602 1358 686 1386 tunc
704 1351 818 1396 Major
836 1353 945 1386 domus
965 1354 1105 1400 Regalis
1127 1356 1197 1389 Au-

442 1402 494 1435 lae
523 1400 743 1445 Ticinenfis‚
779 1403 814 1437 δε
842 1402 887 1436 ob
916 1403 1059 1447 negotia
1088 1403 1202 1450 Regni

440 1451 479 1486 in
504 1451 674 1487 Tusciam
702 1453 721 1487 ὲ
748 1451 973 1500 Liutprando
1001 1454 1095 1501 Rege
1124 1452 1203 1488 mis·

442 1502 517 1545 sus,
545 1501 648 1537 litem
676 1502 769 1538 inter
791 1502 1002 1538 Arretinum
1021 1504 1057 1538 δ(
1079 1506 1203 1539 Senen-

442 1553 513 1589 sem
555 1552 749 1601 Episcopos
790 1552 985 1588 ferventem
1028 1553 1202 1603 diremit;

443 1617 555 1651 neque
582 1603 628 1638 ob
656 1602 723 1638 hoc
750 1603 952 1646 judicatum
982 1604 1120 1646 opinari
1149 1618 1204 1639 co-

444 1655 582 1704 gimur,
612 1655 726 1702 plures
756 1653 845 1702 Regi
872 1653 1096 1701 Liutprando
1124 1653 1204 1690 fuis-

801 228 1188 286 ANTJQJJT.
1239 228 1389 272 MED
1408 228 1462 270 ιι
1511 227 1685 270 AEVJ

1898 244 1979 283 >192

1223 290 1264 325 Α·
1288 290 1395 325 tuerit
1423 289 1486 324 effe
1515 288 1652 336 (atque
1680 286 1730 323 ita
1761 284 1860 324 fuisse
1887 301 1958 324 non
1987 292 2044 324 aee*

1283 353 1341 389 gre
1370 340 1458 375 mihi
1489 338 1702 386 oersuadeo)
1731 337 1911 374 Ticinenfi
1941 339 2042 374 Pala-

1285 391 1338 426 tio
1367 390 1578 437 praese-Rus,
1606 391 1640 425 8<
1669 390 1787 437 aliqua
1812 389 1853 424 de
1874 389 1982 424 caussa
2004 388 2042 423 in

1287 441 1453 477 Tusciam
1483 441 1675 489 profeRus.
1714 443 1810 476 Hinc
1843 449 1958 475 autem
1987 439 2047 474 ha-

1287 493 1404 527 bemus
1422 519 1432 536 ,
1470 493 1620 526 multum
1650 491 1835 540 dignitatis
1866 492 1899 526 8(
1929 488 2048 525 3υὲὶο-

1286 543 1402 577 ritatis
1431 541 1528 585 fuiffe
1555 541 1681 587 Majori
1706 544 1815 576 domus
1842 540 1930 589 apud
1951 543 2046 576 Lan-

1287 592 1456 641 gobardos
1485 594 1617 635 Reges,
1644 593 1782 639 quando
1810 592 1840 628 is
1867 592 1975 635 Judex
1997 589 2046 625 se-

1288 643 1389 678 debat
1416 642 1509 679 inter
1536 641 1748 691 Episcopos‚
1785 657 1828 678 ex
1854 641 2046 690 delegatio-

1287 706 1330 729 ne
1358 702 1498 737 tamen,
1534 703 1574 729 ut
1601 694 1749 742 opinor,
1787 692 1894 740 Regis
1921 692 2044 739 ipsius.

1287 744 1440 778 stratoris
1475 757 1614 792 quoque
1652 757 1777 780 munus
1817 742 1972 778 occurrit
2008 741 2046 777 in

1289 795 1600 844 Langobardorum
1630 795 1793 830 Palatio.
1821 794 1938 842 Hujus
1967 805 2048 827 cura

1289 855 1361 881 erat
1389 845 1531 881 sternere
1562 847 1595 881 &
1635 858 1751 894 parare
1788 858 1895 892 equos
1935 841 2048 891 Regi,

1291 896 1420 944 ipsique
1449 896 1581 939 adeffe,
1618 909 1656 931 ac
1685 909 1827 931 manum
1866 894 2048 942 praebere,

1291 948 1372 982 dum
1401 960 1529 994 equum
1558 945 1780 990 ascenderet,
1817 947 1851 980 8<
1889 944 2049 992 equitan-

1291 1006 1362 1032 tem
1392 1010 1481 1045 pone
1508 995 1629 1043 sequi.
1658 997 1781 1043 Itaque
1809 995 1850 1030 ad
1876 999 2050 1029 „stratorem

1293 1047 1489 1096 speRabat,
1514 1045 1683 1094 stapedem
1711 1045 1723 1093 (
1742 1059 1833 1081 nunc
1856 1046 1890 1079 la
1912 1043 2050 1090 Staffa)

1293 1107 1410 1134 tenere
1438 1096 1597 1145 Principi
1625 1110 1753 1144 equum
1779 1094 1970 1132 infilienti.
1995 1095 2051 1129 Ac

1295 1158 1474 1197 propterea
1513 1150 1742 1192 Imperatores
1779 1145 1841 1192 ipfi
1870 1159 1931 1193 pro
1958 1157 2056 1181 reve-

1297 1200 1408 1236 rentia
1428 1198 1547 1235 Sanffi
1570 1198 1665 1234 Petri
1681 1197 1931 1246 Apostolorum
1956 1194 2055 1231 Prin-

1296 1251 1383 1300 cipis
1420 1249 1600 1299 dedignati
1638 1248 1786 1284 minime
1822 1247 1962 1283 fuerunt
1992 1245 2055 1281 sta-

1298 1302 1391 1350 piam
1427 1310 1546 1337 tenere
1583 1302 1744 1335 Romano
1782 1296 1979 1340 Pontifici,
2015 1309 2053 1332 ac

1299 1351 1463 1387 Stratoris
1499 1350 1620 1385 officio
1657 1359 1742 1385 tunc
1778 1348 1904 1396 fungi.
1941 1347 2053 1395 Cujus

1297 1401 1346 1436 rei
1374 1400 1434 1436 etsl
1468 1400 1576 1435 obvia
1613 1399 1691 1434 sunt
1727 1399 1910 1442 exempla,
1947 1410 2055 1432 unum

1298 1461 1414 1486 tamen
1443 1462 1625 1498 excerpere
1652 1450 1752 1497 juvat
1780 1461 1822 1483 ex
1850 1449 1957 1483 Msto
1985 1449 2056 1483 Co-

1296 1501 1373 1537 dice
1401 1500 1528 1536 Cencii
1556 1498 1780 1543 Camerarii‚
1807 1498 1869 1534 ubi
1897 1497 2056 1546 congres-

1299 1551 1350 1587 sus
1388 1550 1562 1587 Hadriani
1592 1552 1652 1586 IV.
1682 1551 1794 1598 Papae
1821 1551 1854 1584 8<
1884 1547 2056 1584 Frideriti

1298 1604 1324 1637 1.
1353 1602 1390 1637 in
1429 1604 1680 1648 Imperatorem
1719 1599 1910 1636 coronandi
1947 1600 2056 1636 Anno

1277 1651 1428 1689 ³Christi
1460 1653 1620 1688 MCLV.
1648 1659 1826 1687 enarratur
1842 1677 1849 1685 .

443 1706 477 1742 se
504 1705 661 1753 Majores
690 1704 841 1749 domus,
877 1717 986 1752 quum
1024 1717 1110 1742 unus
1147 1687 1228 1754 pm!
1274 1693 1283 1746 i

1959 2620 2014 2653 De
