2195 3032
110 232 294 325 ragizbitiur
320 274 436 311 Italici
459 273 562 320 Regis
583 270 742 306 Elefflo.
771 271 864 305 Con-

110 326 263 362 fluebant
283 325 370 361 illuc
391 322 577 371 Episcopi,
604 323 741 365 Duces,
769 322 864 355 Mar·

109 377 278 420 chiones,
315 377 348 411 &
388 372 576 420 Comites;
615 373 648 406 δε
686 371 723 407 in
761 384 865 418 quem

110 428 253 464 coibant
290 424 440 474 plurium
479 422 661 470 suffragia,
698 421 762 457 ille
790 424 865 456 Rex

111 475 319 514 consalutari
354 472 559 509 consuevit.
596 474 646 507 Ea
674 472 715 507 de
752 471 867 507 caussa

111 542 188 564 mos
214 526 303 569 fuit,
333 532 372 559 ut
400 522 545 571 quisque
575 536 618 558 ex
646 523 691 558 iis
718 523 863 558 domum

111 577 284 628 propriam
325 573 388 609 fibi
430 573 653 621 conquireret
690 573 727 609 in
771 573 864 609 Urbe

110 624 308 665 Ticinenfi,
336 637 404 671 qua
432 633 633 668 uterentur,
661 624 801 672 quoties
825 623 866 659 ad

111 676 222 724 Regni
261 674 444 716 Comitia,
481 683 541 710 aut
569 675 610 709 ad
640 676 771 710 Aulam
801 676 861 709 Re-

109 724 331 777 giam,›aliis
359 724 512 773 negotiis
540 724 784 772 poscentibus,
812 738 865 760 ac-

107 775 294 814 cedendum
321 784 413 810 erat.
441 777 487 810 Et
514 775 657 823 quidem
685 775 748 810 hac
772 775 810 810 in
831 788 867 810 re

107 828 196 872 fibi,
232 824 367 873 suisque
404 826 659 861 Succefforibus
687 824 865 860 consuluit

108 877 272 914 VVarinus
298 875 510 911 Mutinenfis
538 875 729 924 Episcopus
757 877 866 910 Anno

107 928 287 964 MXVIII.
329 926 439 962 Dedit
479 926 576 962 enim
615 939 785 975 operam,
827 934 866 961 ut

472 211 982 258 DISSERTATJO
1042 209 1348 253 TERTIA.

892 275 923 309 A

1570 225 1652 263 154

935 270 1147 305 ‘Ruinardus
1175 269 1318 317 quidam
1348 280 1427 303 cum
1465 270 1562 302 Roza
1590 267 1711 313 conju-

953 334 992 368 ge
1020 319 1082 355 fibi
1113 321 1299 355 venderent
1336 318 1436 363 Casas
1463 319 1545 352 duas
1573 317 1711 361 solaria-

951 381 1001 405 tas
1017 398 1026 414 ,
1064 371 1107 404 (9¹
1136 372 1262 405 Turrim
1289 383 1385 404 unam
1411 382 1478 403 cum
1513 368 1648 414 Capella
1674 379 1711 400 u-

953 435 995 455 na
1022 421 1108 462 infra
1135 422 1233 468 Ipsam
1261 421 1390 455 Turrim
1415 418 1586 463 aedifisata
1606 418 1638 452 in
1659 417 1712 452 bo-

951 485 1021 505 nore
1047 472 1160 505 sanfli
1185 472 1333 514 Nicolai‚
1362 482 1440 517 quae
1458 470 1578 503 dicitur
1594 469 1632 503 de
1649 471 1712 502 Sa-

950 524 1005 565 la,
1034 536 1098 556 una
1124 536 1191 556 cum
1216 535 1290 556 area
1309 521 1372 565 sua
1399 521 1442 553 (9*
1468 523 1565 554 curte
1582 547 1591 563 ‚
1616 529 1712 565 prope

950 575 1072 616 Porta,
1099 586 1177 618 quae
1202 572 1322 605 dicitur
1345 573 1384 605 de
1412 570 1594 604 Viridario.
1632 571 1713 603 Me-

952 622 1059 657 minit
1095 624 1128 657 8<
1158 622 1259 670 hujus
1287 621 1336 656 rei
1366 620 1598 668 Sillingardus
1626 618 1712 667 Epi-

951 672 1071 720 scopus
1100 670 1310 707 Mutinenfis
1347 670 1384 705 in
1413 671 1588 718 Catalogo
1625 668 1711 717 Epi-

950 722 1042 765 scop.
1058 720 1313 757 Mutinenfium
1326 748 1335 756 .
1357 719 1421 755 Sed
1438 720 1583 767 praestat
1600 719 1712 754 Char-

950 782 1022 808 tam
1050 771 1160 821 ipsam
1190 771 1378 817 producere
1395 797 1405 813 ‚
1433 783 1522 818 quae
1550 777 1712 817 autogra-

950 823 1042 871 pha,
1078 822 1226 870 rudique
1254 821 1331 857 stilo
1370 820 1519 868 scripta,
1556 818 1714 854 adserva-

948 884 1005 909 tur
1032 874 1069 909 in
1097 873 1294 909 Tabulario
1330 870 1595 909 Canonicorum
1627 871 1713 905 Mu·

934 923 1137 970 [tinenfium
1149 950 1160 959 .

111 1020 261 1062 Charta
295 1017 532 1060 venditionis
571 1018 737 1060 duarum
779 1018 997 1069 domuum,
1037 1015 1205 1070 Turris,
1243 1017 1282 1057 δε
1314 1013 1498 1070 Capellae
1529 1011 1571 1055 in
1603 1011 1716 1055 Urbe

250 1076 450 1119 Ticinenfi
481 1076 583 1118 ἡδὶν,
613 1077 808 1119 VVarino
840 1075 1033 1132 Episcopo
1065 1075 1283 1117 Mutinensi
1313 1073 1338 1115 *a
1368 1072 1572 1115 Rainardo

520 1137 558 1177 &
590 1138 705 1178 Roza
736 1135 988 1191 conjugibus,
1019 1137 1140 1176 Anno
1177 1136 1301 1176 1018.

210 1236 239 1270 le
267 1233 413 1278 Veneris,
447 1236 530 1282 quod
553 1235 595 1277 est
621 1237 678 1271 IV.
705 1235 866 1271 Kalendis
895 1237 929 1271 C
955 1244 1085 1268 cemtum
1109 1233 1236 1280 viginti
1269 1232 1426 1280 quinque,
1463 1231 1509 1266 (9¹
1533 1229 1566 1266 in
1593 1229 1716 1275 Purifi-

231 1286 427 1332 September‚
464 1286 610 1321 civitate
634 1287 763 1333 Papia,
793 1297 860 1333 pre-

100 1336 210 1380 sentia
236 1338 381 1370 bonorum
405 1336 584 1379 hominum,
612 1349 713 1370 eorum
737 1338 865 1377 nomina

100 1386 216 1431 suptus
250 1387 424 1430 leguntur,
460 1387 719 1420 comendaverunt
754 1389 860 1421 Dom-

107 1448 171 1469 nus
186 1435 350 1469 W'arinus
372 1434 560 1482 Episcopus
577 1435 765 1482 Episcopio
781 1439 860 1471 San-

108 1484 163 1520 &e
190 1483 399 1520 Motinenfis
426 1484 576 1520 Ecclefie
604 1499 668 1520 una
691 1500 757 1520 cum
786 1490 858 1520 Tre-

107 1535 218 1578 dulfus
243 1539 390 1569 A'vocato
409 1535 467 1579 suo
494 1536 538 1569 (9⁴
564 1535 660 1582 ipsius
679 1536 860 1583 Episcopii,

109 1586 153 1619 &¹
179 1585 368 1619 Rainardus
393 1584 492 1628 filius
526 1587 682 1631 quondam
715 1588 861 1629 «Αιιονιὶ,

107 1638 134 1669 S
135 1635 215 1668 iloni
239 1635 374 1669 Notario
389 1634 488 1678 filius
506 1636 661 1681 quondam
680 1636 834 1670 Almaini
851 1663 861 1679 ‚

107 1685 163 1732 qui
189 1685 232 1718 <⁵9¹
256 1685 400 1729 Amizo,
427 1685 563 1719 Cartula
588 1699 653 1720 una
671 1685 862 1731 offersionis,

107 1748 200 1782 quam
227 1735 290 1781 ipse
317 1734 506 1768 Rainardus
531 1749 598 1769 cum
626 1739 722 1780 Roza
756 1736 862 1779 conjus

102 1785 164 1831 sua
189 1783 325 1829 erniffam
359 1786 472 1820 abebat
505 1786 538 1819 in
571 1786 710 1832 prediolo
736 1787 861 1833 Ept‘sco-

104 1836 179 1883 pio,
214 1837 253 1869 de
288 1834 386 1879 Casas
420 1836 501 1870 duas
529 1835 721 1880 solariatas,
760 1838 803 1871 (θ’
827 1839 864 1871 de

108 1889 209 1920 Turre
243 1899 307 1920 una
333 1898 400 1919 cum
426 1886 560 1932 Capella
585 1900 649 1922 una
685 1887 771 1929 infra
797 1887 864 1934 ipsa

107 1939 226 1979 Turre,
256 1934 402 1979 edificata
429 1936 461 1970 in
489 1949 578 1970 onore
602 1937 717 1971 Sanffi
737 1937 863 1973 Nicola-

103 1987 143 2033 gi
157 2013 168 2030 ‚
195 1986 251 2033 qui
275 1986 394 2020 dicitur
416 1987 456 2020 de
480 1987 582 2030 Sala,
609 2000 674 2023 una
699 2001 766 2022 cum
792 2001 864 2023 area

101 2037 253 2082 suarum,
290 2050 357 2070 cum
383 2040 501 2082 Corte,
537 2038 640 2072 omnia
668 2037 795 2079 insimul
820 2048 860 2072 te-

108 2098 199 2121 nente
220 2097 316 2133 prope
341 2090 459 2132 Porta,
496 2088 579 2134 quod
602 2088 719 2122 dicitur
743 2091 782 2123 de
810 2091 861 2123 Vi-

106 2137 247 2181 ridari0‚
276 2137 319 2171 (9⁴
345 2148 478 2172 tamtum
503 2139 541 2172 de
567 2150 732 2185 argentum
752 2140 862 2174 valen-

107 2198 137 2222 te
162 2187 255 2235 us'que
280 2189 322 2222 ad
348 2188 464 2222 Libras
481 2189 662 2232 duodecim,
691 2203 722 2223 eo
742 2190 862 2233 tinore,

107 2247 143 2271 ut
164 2237 271 2284 supter
296 2239 428 2285 legerit,
458 2239 505 2273 ira
531 2249 566 2273 ut
594 2239 626 2273 in
655 2238 756 2283 Miffiz
782 2243 861 2275 San-

109 2286 153 2322 fli
178 2289 350 2323 Michaelis
378 2289 437 2331 ista
469 2289 603 2335 prosima
637 2291 784 2324 veniente
812 2291 866 2324 det

108 2337 173 2383 ipse
199 2342 339 2374 Domnus
366 2340 519 2375 Warinus
550 2341 723 2387 Episcopus
755 2352 811 2387 per
830 2340 865 2385 se

109 2398 166 2422 aut
201 2388 296 2433 Miffo
332 2390 462 2437 ipsorum
499 2391 666 2427 Rainardi
692 2392 735 2425 θ’
760 2391 866 2425 Silani

109 2438 137 2472 ic
164 2439 307 2473 civitate
342 2441 445 2488 Papia
482 2441 563 2475 inter
597 2455 709 2476 aurum
744 2442 788 2475 (9⁴
812 2454 862 2476 ar-

103 2499 256 2535 gentum,
283 2491 382 2536 adque
405 2492 525 2538 palleos
548 2493 679 2527 valente
705 2492 797 2539 usque
812 2504 861 2526 ar·

106 2548 238 2587 gentum
263 2540 408 2577 denarios
432 2543 522 2578 bonos
550 2542 720 2591 Papienses
749 2542 866 2579 Libras

895 1688 927 1720 D

895 2140 923 2174 E

956 1285 1076 1319 catione
1101 1283 1217 1319 sanfle
1241 1284 1372 1327 Marie,
1409 1296 1467 1330 que
1492 1283 1584 1316 venit
1604 1281 1714 1326 secun-

953 1337 995 1369 do
1018 1336 1072 1369 die
1096 1334 1208 1375 mensis
1230 1334 1401 1368 Februarii
1423 1332 1483 1374 ista
1503 1331 1641 1379 profima
1657 1344 1715 1365 ve-

956 1386 1085 1427 niente,
1120 1386 1174 1418 det
1209 1384 1273 1429 ipse
1299 1383 1470 1430 Episcopus
1501 1393 1559 1429 per
1587 1380 1623 1427 Je
1657 1391 1715 1416 aut

950 1437 1008 1479 Juo
1034 1432 1130 1479 MisJo
1167 1433 1300 1480 ipsorum
1336 1433 1502 1468 RaInardi
1537 1432 1581 1465 (9⁶
1607 1432 1715 1466 Silom‘

957 1486 983 1519 ic
1008 1484 1154 1519 Civitate
1173 1483 1324 1525 similiter
1350 1484 1433 1517 inter
1457 1495 1569 1517 aurum
1596 1483 1639 1515 (9¹
1662 1494 1716 1516 ar-

952 1546 1084 1581 gentum
1119 1535 1222 1580 adque
1252 1534 1399 1579 palleos,
1434 1533 1563 1566 valente
1597 1531 1716 1565 Libras

955 1595 1083 1618 cemtura
1101 1584 1227 1630 viginti
1251 1583 1387 1629 quinque
1405 1583 1550 1628 argenti.
1577 1584 1625 1615 Et
1648 1594 1716 1615 eum

956 1648 986 1668 ec
1011 1633 1117 1668 omnia
1142 1633 1332 1678 atinpletum
1352 1633 1476 1676 suerit,
1505 1631 1620 1674 statim
1638 1631 1716 1675 fiad

955 1684 1082 1730 capsata
1107 1683 1151 1717 &⁶
1177 1683 1296 1717 taliata
1326 1681 1470 1730 prediHa
1495 1685 1597 1716 Carta
1622 1682 1716 1728 offer-

950 1734 1070 1778 sionis,
1107 1734 1151 1767 (9⁴
1177 1733 1241 1780 ipse
1265 1733 1355 1767 Silus
1378 1734 1418 1767 de
1440 1732 1586 1780 predifia
1611 1745 1658 1766 res
1684 1746 1716 1766 e-

956 1785 1064 1819 mittat
1090 1788 1222 1819 Cartam
1246 1783 1444 1818 venditionis
1470 1783 1504 1817 In
1531 1783 1594 1829 ipse
1629 1783 1716 1817 Rai-

955 1837 1071 1869 nardus
1099 1834 1172 1876 stne
1199 1834 1262 1879 sua
1286 1833 1468 1878 desemsione
1494 1833 1538 1867 (9⁴
1563 1833 1718 1875 restaura-

954 1886 1056 1929 cione,
1084 1896 1203 1931 excepto
1220 1884 1253 1925 si
1275 1886 1314 1918 de
1333 1884 1428 1928 suum
1449 1884 1561 1917 datum
1586 1895 1642 1918 am
1660 1884 1718 1927 fa-

956 1935 1039 1970 &um
1065 1935 1224 1983 aparuerit
1235 1949 1256 1977 ;
1291 1935 1335 1969 (9¹
1371 1934 1432 1982 ipse
1468 1934 1658 1968 Rat'nardus
1684 1947 1717 1967 e-

957 1987 1066 2021 mittat
1093 1986 1162 2020 alia
1187 1989 1288 2020 Carta
1318 1984 1489 2031 offersionis
1521 1984 1583 2028 sub
1617 1985 1718 2018 dabla

956 2036 1139 2081 desemfione
1176 2050 1243 2071 cum
1278 2035 1386 2081 conjus
1414 2035 1497 2080 sua,
1528 2034 1560 2075 sl'
1594 2035 1718 2069 abuerit

955 2099 1012 2134 per
1046 2091 1114 2122 Lex
1135 2086 1227 2130 faHa
1254 2087 1287 2120 in
1312 2085 1454 2133 prediflo
1489 2085 1654 2132 Eptscopio
1679 2085 1718 2118 de

940 2152 941 2178 1
952 2137 1026 2183 jam
1052 2137 1156 2171 diflas
1182 2150 1248 2172 res.
1275 2139 1323 2171 Et
1349 2136 1411 2183 ipse
1437 2138 1579 2170 Domnus
1609 2136 1718 2169 VVari-

959 2201 1018 2222 nus
1043 2187 1215 2235 Episcopus
1250 2188 1355 2222 eadem
1390 2189 1491 2220 Carta
1520 2185 1718 2231 offersionis,

958 2249 1014 2273 aut
1044 2238 1121 2283 suus
1147 2241 1317 2273 Avocatus
1344 2237 1376 2270 in
1403 2237 1467 2271 alio
1501 2236 1554 2269 die
1586 2235 1719 2282 prosimo

960 2290 993 2323 in
1017 2288 1137 2334 judicio
1163 2289 1323 2331 ostendat,
1360 2287 1404 2320 &⁵
1430 2286 1493 2333 ipse
1529 2286 1720 2321 Rainardus

959 2353 1026 2374 cum
1052 2338 1158 2383 conjus
1178 2339 1241 2383 sua
1266 2352 1333 2373 eam
1359 2338 1489 2379 laudet,
1517 2347 1552 2371 ut
1575 2338 1656 2371 bona
1675 2335 1720 2369 &⁴

959 2402 1037 2424 vera
1055 2388 1124 2433 sit,
1152 2389 1196 2423 &
1220 2389 1467 2436 atinplendum‚
1495 2396 1532 2421 ut
1550 2387 1649 2434 supra
1675 2387 1724 2420 le-

957 2441 1050 2487 gitur
1057 2453 1077 2482 ;
1113 2450 1187 2473 tunc
1214 2439 1277 2486 ipse
1310 2439 1400 2473 Silus
1435 2437 1590 2473 NotarIus
1614 2438 1721 2472 eadem

962 2494 1064 2525 Carta
1103 2489 1300 2536 offersionis,
1336 2502 1430 2536 quam
1464 2489 1645 2523 comendata
1679 2487 1721 2529 est

956 2540 1017 2589 ipfi
1041 2540 1210 2577 Rainardi
1243 2540 1364 2577 taliata
1398 2539 1509 2585 redas,
1547 2540 1590 2574 (9³
1612 2537 1722 2585 predi-

1581 2588 1665 2624 Ham
