2195 3032
204 207 256 258 65

495 190 1047 242 DISSERTATIO
1100 185 1388 238 PRIMA·

1626 202 1682 240 65

144 262 257 297 'Carolo
283 267 480 302 meruerunt,
522 258 565 291 (φ
591 256 733 291 honorati
753 256 832 301 sunt
858 257 898 290 ab
915 257 960 311 [A
982 255 1060 290 liam
1090 254 1252 299 conceffit:
1288 251 1467 289 Hludovico
1489 252 1562 298 filio
1592 255 1649 300 suo
1676 260 1745 293 Bag

144 313 229 359 ipfh,
258 312 301 346 <J
325 314 368 346 ad
386 310 476 354 suam
504 306 616 348 reversi
635 307 714 351 sunt
736 307 897 353 patriam.

146 362 316 411 Pippinus
349 372 421 394 vero
446 358 577 392 vivente
606 367 699 404 patre
733 356 899 401 defunflus

145 413 210 456 est.
247 410 391 457 Reliquit
407 407 520 452 filium
556 406 769 443 Bernardum
799 406 897 441 nomi-

146 477 184 498 ne
199 489 209 507 ‚
244 462 292 497 cui
316 459 446 493 Carolus
471 458 602 493 Italiam
628 458 784 504 conceffit,
820 470 899 505 quae

146 526 238 561 quum
272 508 339 555 effet
370 508 505 556 penuria
541 509 584 543 (9¹
604 509 691 553 fame
726 519 897 556 occupata,

140 562 244 610 subito
277 570 312 593 ut
347 560 532 593 Bernartius
574 564 722 606 Regnum
757 559 897 606 accepit,

144 611 349 658 dignitatem,
377 610 605 656 ubertatemque
633 610 772 657 recepit;
799 611 842 643 (9⁴
853 609 900 651 stc

138 662 229 707 fuit,
256 661 330 694 dum
358 660 420 707 ipſs?
447 661 620 707 regnavit.
648 661 781 695 Carolus
806 673 900 708 quum

143 712 356 760 quadraginta
384 710 440 754 sex
467 723 565 745 annos
592 711 624 744 in
663 711 804 746 Francia
820 739 830 754 ‚
859 711 901 744 ὅ)

138 761 299 810 postquam
324 761 456 795 Italiam
483 759 633 808 ingressus
659 761 701 803 est
716 788 726 805 ‚
764 762 898 808 quadra.

139 813 235 860 ginta
261 812 303 845 (9⁴
329 824 423 845 unum
450 824 548 846 annos
575 810 727 858 regnaffet
743 839 752 855 ‚
788 811 899 855 defun·

144 862 211 897 Hus
236 862 276 904 est
296 862 328 895 in
353 873 448 908 pace,
469 861 623 908 senexque
645 871 749 896 aetate
777 862 819 895 &⁵
835 863 897 908 ple-

144 926 202 947 nus
236 912 354 946 dierum
371 940 380 955 ‚
417 922 509 959 atque
542 923 577 946 ut
600 923 656 959 per
691 926 758 946 eum
795 926 900 946 nomen

141 966 332 1000 ¹Francorum
358 964 469 1009 longe,
497 963 618 1009 lateque
640 962 835 1009 percrebuit,
855 962 902 1003 stc

143 1014 184 1056 est
212 1013 302 1060 usque
328 1014 370 1048 ad
399 1013 581 1047 hodiernum
606 1014 690 1047 diem
706 1040 714 1049 .
753 1013 900 1060 Reliquit

138 1065 241 1109 sedem
270 1064 362 1108 suam
390 1063 421 1097 in
450 1064 589 1098 Francia
625 1064 805 1098 Hludovico
822 1063 899 1108 filio

138 1115 218 1159 suo.
259 1114 318 1156 Iste
354 1114 483 1161 incoepit
517 1114 624 1148 vocari
658 1117 830 1161 Imperator
865 1128 901 1148 ex

144 1167 333 1199 Francorum
356 1178 485 1209 genere.
513 1164 639 1210 Conjux
666 1178 739 1199 vero
766 1164 901 1210 ejusdem

143 1215 320 1249 Hludovici
346 1216 583 1261 Hermengarda
610 1216 732 1249 nomine
748 1243 757 1259 ,
794 1216 901 1249 inimi-

142 1266 251 1300 citiam
277 1275 381 1300 contra
400 1267 599 1300 Bernardum
626 1267 903 1313 Langobardorum

144 1319 263 1362 Regem
285 1328 396 1362 gerens
412 1343 421 1358 ,
456 1316 624 1350 mandavit
651 1317 679 1349 ei
705 1316 793 1362 quasi
816 1317 904 1363 pacis

140 1366 252 1412 gratia
280 1367 326 1399 ad
352 1365 387 1409 se
412 1366 557 1400 veniret.
593 1366 654 1400 Ille
680 1368 720 1400 ab
749 1366 823 1411 ipsis
850 1380 900 1399 no-

144 1415 262 1449 bilibus
289 1416 420 1460 Legatis
433 1415 630 1457 sacramenta
647 1415 733 1456 fidei
746 1415 901 1460 suscepit,

146 1465 191 1499 (9¹
210 1464 243 1498 in
262 1463 433 1498 Franciam
454 1463 537 1497 ivit.
558 1466 796 1510 Hermengarda
814 1477 901 1507 mox,

144 1524 182 1548 ut
217 1514 348 1561 potuit,
381 1513 465 1555 sicut
504 1513 714 1556 audivimus,
756 1514 903 1558 nesciente

145 1566 333 1610 Imperatore
352 1590 363 1606 ‚
407 1564 506 1597 oculos
552 1564 713 1596 Bernardi
755 1564 871 1602 evulsit
889 1577 903 1596 .-

144 1613 231 1659 aesque
257 1613 319 1659 ipso
343 1613 445 1646 dolore
467 1611 632 1654 defunffus
658 1611 719 1655 est,
743 1612 904 1658 postquam

143 1665 280 1710 quinque
300 1671 487 1706 regnaverat
513 1674 631 1704 annos,
659 1662 735 1694 duos
752 1662 814 1706 sub
840 1665 901 1696 Ca-

143 1712 208 1746 rolo
225 1738 235 1755 ‚
263 1721 324 1744 tres
344 1711 404 1755 sub
432 1710 610 1744 Hludovico
626 1737 634 1745 .
667 1714 752 1745 Erat
779 1713 903 1759 quidem

142 1760 368 1798 Hludovicus
389 1763 557 1807 Imperator
576 1761 693 1795 multae
704 1761 901 1809 sapientiae,

143 1812 268 1853 consilio
300 1812 464 1858 prudens,
508 1812 699 1856 misericors,
742 1813 785 1846 (Τ
816 1814 904 1859 pacis

144 1873 267 1898 amator
292 1873 387 1904 erat‚·
412 1862 525 1908 quippe
545 1862 606 1906 sub
625 1876 656 1896 eo
683 1864 904 1910 tranquillitas

145 1925 262 1959 magna
288 1926 325 1946 ex
350 1913 434 1946 omni
457 1923 572 1959 parte.
600 1913 768 1960 Diligebat
794 1913 900 1948 LeHo-

145 1976 194 1997 res
218 1989 228 2006 ,
269 1965 418 1997 Cantores
437 1990 446 2005 ‚
494 1963 537 1996 (9¹
577 1962 698 1998 cunflos
730 1965 905 2009 servientes

144 2016 213 2050 Deo
229 2040 238 2056 ,
267 2013 479 2055 ministrantes
505 2013 682 2054 Ecclesiae.
715 2016 840 2049 Habuit
858 2015 904 2059 fi.

146 2063 207 2097 lios
233 2073 320 2107 tres,
358 2062 435 2104 idest
462 2063 647 2097 Lotharium
663 2090 673 2108 ,
712 2065 755 2099 &¹
782 2066 904 2100 Hludo.

143 2113 251 2148 vicum
275 2114 315 2147 de
341 2114 599 2160 Hermengarda,
628 2114 671 2148 Θ
696 2117 845 2150 Carolum
867 2117 906 2150 de

137 2164 282 2208 Juditha
297 2191 307 2208 ,
334 2177 427 2211 quam
451 2164 517 2210 post
543 2176 668 2199 mortem
695 2169 903 2214 Hermengar.

145 2215 205 2249 dae
247 2215 280 2249 in
324 2213 501 2262 conjugium
538 2215 697 2262 suscepit.
747 2218 904 2264 Equidem

146 2264 326 2311 praediffius
345 2268 514 2312 Imperator
539 2267 739 2301 Hludovicus
751 2268 844 2312 suum
858 2268 905 2313 fi-

148 2315 228 2350 lium
254 2317 438 2352 Lotharium
458 2317 519 2362 sub
533 2317 567 2361 se
586 2317 619 2351 in
633 2318 737 2362 sedem
757 2320 906 2367 Imperia-

152 2364 213 2400 lem
245 2367 426 2411 constituit,
462 2367 595 2402 vivente
621 2371 660 2415 se
683 2379 796 2415 patre.
839 2373 907 2404 Ha-

151 2415 223 2451 buit
252 2418 418 2452 Lotharius
435 2417 549 2462 filium
582 2418 828 2455 Hludovicum
856 2434 909 2454 no-

153 2466 261 2511 mine,
297 2468 345 2500 cui
379 2471 479 2504 ,Α”υιιε
498 2469 578 2516 suus
611 2470 812 2506 Hludovicus
844 2473 910 2505 Ita-

257 2519 346 2551 Tom.
375 2520 402 2552 I.

153 2575 200 2616 (o)
222 2575 387 2610 Lothariua
399 2598 411 2609 .

979 305 1113 350 joariam
1128 319 1142 338 .·
1169 306 1282 340 Carolo
1307 305 1525 353 Aquitaniam
1540 330 1548 340 .

1035 359 1141 390 Honor
1166 366 1269 391 autem
1296 355 1416 402 major,
1444 355 1521 398 idest
1544 357 1746 404 Imperialis‚‘

982 407 1129 452 crescebat
1168 407 1279 441 cotidie
1316 406 1465 442 Lotbario
1481 434 1490 451 ‚
1532 407 1582 441 cui
1621 408 1743 445 inimici

981 457 1118 491 homines
1136 457 1296 498 confilium
1313 459 1466 492 dederunt
1477 485 1486 502 ,
1512 468 1665 504 quatenus
1674 462 1706 505 J
1707 473 1744 495 u-

979 508 1103 543 ditham
1129 521 1290 542 novercam
1319 508 1411 553 suam
1434 508 1572 556 genitori
1597 511 1656 554 Juo
1682 512 1745 545 tol.

983 559 1106 602 lerent,
1144 559 1187 592 69*
1214 559 1246 593 in
1275 559 1405 593 Italiam
1432 560 1641 603 abducerent,
1662 561 1746 602 sicut

979 610 1117 653 fecerunt
1145 609 1178 643 in
1205 609 1350 643 Civitate
1388 610 1597 653 Denonenft,
1633 611 1676 645 (9¹
1713 612 1747 646 in

986 659 1151 701 custodiam
1189 659 1362 703 miserunt.
1399 660 1483 704 Quis
1514 661 1611 706 potest
1650 662 1750 696 elicere

936 725 961 758 Β
987 711 1119 752 furorem
1135 737 1144 753 ,
1173 722 1231 755 quo
1256 719 1347 756 pater
1372 709 1441 755 ejus
1466 711 1659 744 vehementer
1686 713 1750 747 ira.

987 772 1037 794 tus
1063 760 1206 807 agitatus
1228 759 1323 803 fuit?
1349 761 1414 793 Sed
1437 760 1540 794 omnia
1563 760 1662 803 fortia
1688 766 1751 797 Lo.

989 811 1112 846 tharius
1149 811 1181 844 in
1203 810 1281 855 suas
1310 821 1419 857 partes
1454 811 1610 845 habehat.
1647 813 1751 858 Igitur

987 875 1046 895 non
1070 860 1137 907 post
1173 861 1286 893 multos
1320 861 1410 904 dies,
1447 862 1522 894 dum
1542 861 1578 904 se
1613 874 1751 908 recogno-

987 909 1080 957 viffet
1124 911 1296 945 Lotharius
1312 938 1321 953 ,
1364 912 1444 957 quod
1487 912 1604 945 malum
1647 911 1752 958 egisset

989 961 1148 1002 consilium
1163 989 1173 1005 ‚
1210 974 1372 995 novercam
1392 961 1485 1005 suam
1522 962 1637 1002 remisit
1660 963 1753 1008 geni..

988 1012 1047 1046 tori
1067 1013 1126 1057 suo
1143 1039 1153 1056 ‚
1190 1012 1232 1045 (9¹
1260 1012 1308 1045 ira
1336 1012 1554 1057 inflammatus
1579 1023 1684 1047 contra
1712 1014 1753 1047 il-

989 1064 1058 1106 los,
1096 1064 1151 1109 qui
1187 1073 1252 1096 tam
1285 1073 1422 1109 pravum
1464 1062 1624 1103 consilium
1660 1065 1754 1097 dede.

990 1124 1089 1157 runt,
1131 1113 1211 1147 alios
1251 1112 1387 1155 occidit,
1434 1113 1514 1147 alios
1554 1114 1587 1146 in
1624 1114 1754 1148 exiliunt

933 1179 963 1212 C
990 1163 1073 1205 >nisit
1089 1190 1097 1199 .
1134 1167 1223 1197 Tunc
1249 1164 1394 1210 temporis
1427 1163 1597 1204 Ecclesiam
1624 1165 1753 1198 Medio-

973 1208 1145 1258 llanensem
1172 1214 1390 1259 fflzgelbertus
1422 1214 1683 1260 Archiepifitopus
1710 1228 1755 1248 re-

987 1267 1106 1312 gebat.
1151 1265 1280 1298 Volebat
1321 1267 1492 1310 Imperator
1533 1265 1585 1311 (o)
1627 1265 1726 1298 dicere
1744 1292 1755 1310 ‚

993 1316 1072 1361 quod
1099 1315 1153 1348 ille
1177 1314 1210 1348 in
1239 1314 1302 1360 ipso
1325 1314 1450 1355 confilio
1468 1312 1597 1359 sufflet,
1629 1315 1671 1347 (9¹
1697 1315 1757 1348 mi.

988 1365 1032 1405 sit
1067 1366 1111 1398 ad
1136 1377 1204 1397 eum
1239 1365 1394 1406 Nobiles,
1431 1364 1486 1410 qui
1520 1377 1586 1397 eum
1623 1364 1655 1397 in
1678 1378 1758 1410 gra-

996 1414 1074 1448 tiam
1101 1413 1303 1446 immitterent
1319 1440 1326 1447 .
1363 1415 1428 1447 Sed
1454 1416 1529 1447 dum
1556 1424 1629 1448 ante
1658 1417 1757 1462 Impe-

997 1474 1125 1497 ratorem
1151 1464 1296 1496 ducerent
1312 1491 1321 1506 ‚
1352 1463 1407 1497 ille
1433 1467 1559 1499 tantiam
1587 1475 1679 1510 caput
1706 1468 1757 1498 in-

994 1513 1150 1555 clinavit,
1180 1513 1222 1545 (9⁶
1247 1514 1345 1546 verba
1358 1513 1551 1556 salutatoria
1577 1514 1685 1547 dixit:
1712 1517 1756 1549 ad

991 1564 1082 1607 perles
1110 1562 1210 1594 noluit
1245 1562 1354 1594 venire
1386 1572 1512 1608 propter
1551 1565 1757 1599 reverentiam

934 1625 965 1658 D
993 1613 1035 1645 &
1061 1611 1200 1645 honorem
1234 1610 1467 1651 Ecclesiarum.
1504 1616 1592 1647 Tunc
1620 1616 1758 1661 Impera..

992 1673 1039 1696 tor
1063 1660 1174 1694 dixit:
1202 1660 1257 1696 Sic
1285 1661 1376 1709 geris
1403 1671 1462 1706 te,
1491 1663 1583 1710 quasi
1612 1665 1758 1701 saneius

995 1709 1198 1747 Ambrofius
1235 1710 1298 1746 fis.
1340 1713 1601 1760 Archiepiscopus
1636 1716 1759 1762 respon-

992 1763 1066 1797 dit:
1094 1775 1155 1797 nec
1183 1775 1247 1810 ego
1269 1762 1413 1798 SanRus
1439 1764 1665 1809 Ambrofius‚
1693 1780 1757 1802 nec

994 1823 1032 1848 tu
1054 1812 1228 1847 Dominus
1255 1814 1368 1848 Deus.
1398 1816 1569 1860 Imperator
1586 1829 1659 1850 vero
1679 1817 1757 1861 sub.

988 1863 1128 1909 junxit:
1156 1862 1205 1898 ite
1233 1863 1274 1898 ad
1302 1863 1497 1911 genitorem
1527 1878 1643 1900 meum
1660 1894 1669 1909 ,
1699 1880 1758 1903 cu.

994 1915 1045 1963 jus
1072 1913 1194 1949 odium
1222 1927 1277 1949 me
1305 1913 1430 1950 fecistis
1458 1914 1606 1951 habere.
1642 1917 1758 1954 Redu-

992 1965 1062 2000 cite
1099 1978 1154 2000 me
1191 1964 1232 2000 ad
1270 1964 1448 2013 pristinam
1485 1965 1658 2013 gratiam.
1697 1969 1758 2002 Ille

993 2026 1097 2051 autem
1132 2016 1204 2050 haec
1238 2015 1370 2050 audiens
1409 2017 1542 2062 perrexit
1579 2018 1611 2050 in
1650 2020 1681 2051 F
1683 2031 1757 2053 ran.

942 2078 971 2111 E
993 2067 1072 2101 ciam
1086 2079 1107 2108 ;
1148 2067 1346 2100 Hludovicus
1386 2068 1556 2113 Imperator
1594 2068 1758 2112 honorifice

997 2130 1065 2151 eum
1084 2115 1240 2163 suscepit.
1269 2119 1355 2151 Dum
1381 2119 1402 2150 d
1429 2117 1532 2161 mensa
1558 2128 1684 2165 uterque
1711 2132 1758 2153 re.

991 2167 1127 2212 ficiendi
1145 2166 1247 2213 cauffd
1274 2168 1492 2214 exsurgerent:
1520 2170 1689 2214 Imperator
1708 2170 1761 2203 di.

998 2218 1070 2252 xit:
1096 2217 1186 2253 bone
1213 2217 1516 2265 Archiepiicope,
1544 2218 1630 2265 quid
1657 2219 1761 2256 debet

998 2268 1108 2303 facere
1135 2267 1243 2303 homo
1269 2267 1310 2303 de
1338 2267 1488 2303 inimico
1516 2267 1599 2303 suo?
1628 2271 1688 2304 Ille
1714 2284 1761 2305 re.

993 2319 1149 2365 spondit:
1185 2318 1360 2353 Dominus
1396 2317 1491 2353 dixit
1527 2318 1564 2354 in
1601 2321 1761 2370 Evange-

1000 2369 1071 2404 lio:
1103 2368 1157 2417 (*)
1186 2368 1327 2417 diligite
1355 2367 1521 2405 inimicos
1550 2369 1697 2415 vestros,
1726 2373 1760 2407 δε

1002 2418 1194 2455 benefacite
1221 2418 1292 2462 iis,
1320 2418 1382 2466 qui
1410 2433 1472 2455 vos
1499 2419 1670 2457 oderunt.
1699 2425 1762 2457 Im-

997 2481 1123 2518 perator
1147 2470 1260 2504 dixit:
1296 2471 1330 2505 &
1357 2469 1381 2505 s1
1408 2469 1492 2506 haec
1519 2484 1588 2507 non
1617 2471 1760 2509 fecero?

1102 2521 1132 2555 E
1572 2523 1709 2558 Arcbie-

986 2564 1053 2620 ιθ)
1073 2577 1237 2614 Matthaei
1259 2579 1339 2624 Cap.
1365 2589 1391 2624 5.
1414 2580 1491 2616 vers.
1512 2592 1564 2623 44.
