2195 3032
511 235 590 279 391
759 210 1180 270 ANTJQUJT.

1006 263 1044 274 „a

489 286 508 315 ὁ
519 284 625 325 ignum
641 290 750 312 manus
761 277 1033 321 Benetatatofiliu
1049 276 1116 322 ejus
1131 291 1196 311 con·
1214 277 1260 313 sA
1288 276 1371 313 bant
1383 306 1390 313 .
1421 280 1552 314 Verum
1579 280 1742 329 palmaris
1768 279 1861 316 inter

455 342 602 366 enitentis·
613 356 621 364 .

434 331 463 377 s
491 383 626 429 Signum
661 391 772 414 manus
809 378 962 413 Roduald
990 382 1026 415 V.
1055 381 1102 415 D.
1121 379 1198 424 filio

442 433 509 479 ejus
535 431 751 475 consentientis
765 456 772 463 .

493 483 627 527 Signum
655 492 765 515 manus
793 483 931 515 Baronte
948 480 1026 525 filio
1044 479 1113 528 ejus
1131 495 1196 516 con-

437 532 605 580 sentientis
615 558 624 567 .

493 586 625 630 Signum
652 595 763 618 manus
790 582 938 616 [sfi'idicau
968 585 1003 617 V.
1030 585 1074 618 D.
1095 583 1196 625 testis.

494 637 628 681 Signum
655 646 766 667 manus
786 633 950 667 [Wileradu
972 636 1007 667 V.
1030 636 1073 668 D.
1094 633 1197 674 testis.

493 685 629 732 Signum
656 697 766 719 manus
790 687 951 718 Benenato
972 686 1008 719 V.
1031 687 1074 718 D.
1096 683 1199 725 testis.

1240 216 1486 260 Mem]
1541 219 1731 263 ΛΕΜ
1904 241 1984 280 392

1884 280 1945 318 hos
1973 286 2047 319 Du-·

1289 341 1343 363 ces
1373 329 1569 366 differentia
1607 330 1797 367 interceffit
1812 358 1821 367 .
1861 333 2052 369 Universae

1293 380 1500 415 Provinciae
1522 394 1650 417 nomen
1672 382 1840 418 dederunt
1867 383 2052 431 primariae

1292 429 1402 465 Urbes
1422 434 1637 467 Beneventum
1650 461 1659 477 ‚
1680 435 1860 481 spoletum,
1881 448 1916 468 ac
1936 435 2053 468 Forum

1281 480 1403 524 Julii;
1430 494 1541 529 neque
1568 484 1663 519 enim
1692 484 1761 519 alia
1791 495 1872 520 tunc
1899 485 2054 532 appella-

1292 530 1345 565 tio
1373 530 1410 566 in
1432 531 1493 567 usu
1513 543 1605 568 erat:
1629 547 1667 569 ac
1696 545 1877 583 propterea
1898 537 1961 582 qui
1983 537 2056 569 Du·

1291 594 1351 614 cem
1390 581 1634 626 forojuliensem
1675 583 1812 620 dicebat
1833 613 1843 629 ,
1882 585 2053 621 continuo

1294 629 1510 678 significabat
1547 631 1703 681 integrae
1739 636 1929 671 Provinciae
1957 639 2054 671 Foro-

1286 680 1420 726 juliensi
1446 681 1680 719 Praeseclum.
1706 686 1841 720 Contra
1865 691 1948 722 vero
1975 690 2054 721 Pro-

494 737 631 784 Signum
657 748 769 771 manus
795 735 992 770 Mauricioni
1020 737 1057 770 V,
1086 737 1128 770 D.
1156 745 1197 768 te·
1236 736 1262 769 B
1292 731 1432 767 vinciam
1459 733 1604 777 Tusciam
1630 736 1872 784 Langobardis
1900 738 2054 785 appella-

440 788 501 831 stis
510 815 519 823 .

498 842 545 874 Et
568 837 635 885 post
660 839 739 873 hanc
766 838 914 884 completa
949 837 1085 872 Cartula
1112 849 1203 870 reme-

448 890 640 924 moravimus
676 889 878 935 particellula
906 888 1007 930 nostra
1032 889 1071 922 de
1097 888 1204 921 Olive-

448 951 478 975 to
506 941 538 974 in
578 939 730 983 Vaccuk,
767 953 820 986 ego
858 942 1029 973 fortonato
1065 938 1108 971 θ’
1143 941 1204 972 Bo·

449 991 548 1026 ntiald
571 1000 661 1037 parte
688 989 788 1032 nostra
816 990 849 1023 in
878 990 1032 1035 integrum
1051 988 1208 1035 offerimus

449 1044 483 1077 D
502 1056 517 1075 ο
544 1041 585 1074 (9¹
612 1041 697 1076 beati
722 1039 835 1075 Sanc‘li
861 1040 971 1083 Petri,
1000 1053 1087 1086 quem
1115 1039 1207 1073 novis

448 1092 470 1126 b
480 1097 588 1125 eedem
614 1091 826 1133 constituimus
841 1118 850 1127 .

499 1145 571 1190 Ego
597 1142 764 1176 Sicherado
784 1141 936 1188 indignus
955 1140 1113 1175 Presbiter
1130 1141 1209 1176 hanc

448 1194 616 1228 Cartulam
657 1206 694 1226 ex
732 1192 888 1227 autentico
922 1191 1069 1236 fideliter
1109 1205 1205 1225 exem-

443 1244 542 1291 plavi
556 1271 565 1280 .

500 1294 608 1329 Vides
636 1292 713 1329 heic
742 1307 856 1341 preces
884 1292 1057 1341 porrec‘cas
1085 1293 1127 1327 ab
1153 1291 1205 1327 hi-

449 1344 501 1379 sce
537 1344 751 1389 Presbytcris
779 1346 900 1378 Damno
936 1344 1097 1388 Walperto
1125 1342 1208 1376 Duci

450 1394 545 1437 nostro
589 1394 747 1429 Civitatis
787 1393 904 1435 nostrae
940 1392 1114 1433 Lucensis.
1156 1393 1209 1427 At

449 1446 532 1481 haec
563 1446 723 1481 evincere
752 1443 937 1487 videntur,
976 1443 1012 1477 in
1042 1456 1107 1477 una
1137 1444 1204 1478 Lu-

450 1495 537 1532 censi
558 1496 719 1531 Civitate
744 1494 884 1543 ejusque
908 1507 989 1541 agro
1011 1491 1206 1528 conclusam

450 1546 547 1582 fuisse
574 1545 748 1588 VValnerti
778 1545 879 1592 hujus
912 1544 1019 1579 Ducis
1057 1543 1204 1579 aufflori-

450 1607 581 1642 tarem,
608 1610 719 1643 neque
745 1596 912 1643 majorem
939 1594 1206 1643 excogitandam

450 1649 486 1683 in
514 1647 660 1691 ceteris,
686 1660 772 1693 quos
793 1657 872 1680 ante
894 1647 1038 1680 Annum
1065 1646 1207 1680 DCCC.

449 1697 618 1734 Lucenfia
663 1705 890 1732 monumenta
936 1695 1127 1730 exhibent.
1172 1695 1205 1730 Si

450 1750 649 1796 Walpertus
672 1747 895 1782 Provinciam
918 1745 1113 1781 universam
1137 1747 1204 1780 Du·

450 1800 500 1835 cis
528 1798 637 1834 titulo
664 1798 824 1841 rexisset,
855 1800 930 1831 Dux
957 1796 1107 1840 Tusciae,
1137 1809 1206 1830 non

451 1859 566 1886 autem
605 1852 681 1884 Dux
716 1848 874 1882 Civitatis
911 1849 1028 1889 nostrae
1064 1847 1207 1887 Lucensis

451 1900 674 1950 appellandus
695 1898 828 1934 fuisset.
858 1900 956 1933 Haec
977 1897 1207 1946 praesentiens

450 1950 651 1987 franciscus
671 1948 787 1984 Maria
805 1948 1045 1984 florentinius
1058 1976 1067 1991 ,
1089 1961 1202 1982 emun-

450 2003 525 2038 ἕξεις
550 2001 642 2037 naris
666 2000 843 2047 Scrip†01·‚
865 2008 988 2046 utpote
1008 2012 1110 2045 quem
1136 2012 1203 2033 non

450 2052 556 2090 la'uit
586 2050 755 2099 ejusmodi
784 2049 937 2094 Charta,
967 2062 1112 2096 eamque
1142 2049 1203 2083 mi-

449 2104 545 2139 nime
561 2100 792 2137 diffimulavit
810 2100 846 2136 in
863 2100 1108 2136 Monumentis
1129 2101 1201 2134 Ma-

450 2153 575 2190 thildis
612 2151 819 2188 Comitiffae
854 2151 936 2187 Lib.
973 2163 1005 2198 3.
1043 2150 1205 2198 opinatus

451 2205 516 2248 est,
537 2205 779 2245 walpertum,
801 2201 998 2249 ceterosque
1021 2201 1116 2249 supra
1137 2214 1203 2235 me-

452 2264 606 2290 moratos
627 2255 741 2289 Duces
766 2255 786 2287 ἂ
812 2253 941 2294 Lucenst
962 2254 1061 2295 Urbe,
1086 2252 1135 2285 uti
1160 2266 1194 2285 ca

450 2306 517 2352 pite
542 2305 672 2349 Tusciae
706 2303 916 2347 Provinciae,
953 2303 1081 2337 titulum
1112 2303 1209 2336 Ducis

454 2353 638 2401 affumliffe,
666 2369 726 2390 non
746 2355 833 2400 sectis
858 2368 893 2389 ac
920 2357 996 2389 Dux
1023 2353 1099 2389 Fori
1115 2354 1209 2397 sulii

453 2406 495 2440 ab
515 2407 593 2439 Urbe
616 2405 683 2450 ejus
707 2405 841 2439 nominis
864 2405 1024 2439 dicebatur
1050 2408 1127 2439 Dux
1146 2406 1203 2437 Fo-

453 2454 650 2498 roiulienfis‚
670 2457 703 2490 ὅ(
725 2455 957 2491 nihilominus
979 2455 1013 2490 in
1036 2455 1206 2503 integram

453 2505 681 2540 Provinciam
709 2505 802 2540 suam
831 2506 1038 2554 protendisse
1068 2505 1172 2554 potest
1194 2525 1207 2536 -

455 2564 549 2600 tem,
576 2568 680 2606 quam
716 2555 824 2592 titulo
859 2556 1080 2593 Marchionis
1114 2566 1226 2606 rege-1

1295 796 1329 818 re
1356 782 1489 831 semper
1515 784 1554 819 in
1585 784 1644 820 usu
1680 785 1773 829 fuit,
1810 788 1844 822 ὃ(
1874 799 2054 831 nunquam

1294 833 1497 869 Provinciam
1525 836 1712 880 Lucensem:
1736 850 1841 885 quare
1863 837 1925 886 qui
1953 839 2055 874 Prae-

1293 882 1396 919 fidem
1420 884 1518 920 illius
1546 886 1753 923 Provinciae
1779 887 1970 937 significare
1990 902 2055 923 vo-

1294 934 1430 978 luisset,
1452 938 1568 970 Ducem
1589 937 1739 981 Tusciae,
1765 951 1835 973 non
1862 942 1976 973 Ducem
1996 938 2055 973 Ci-

1292 985 1409 1019 vitatis
1436 986 1601 1030 Lucensis,
1627 988 1847 1035 appellasset,
1876 989 1928 1023 uti
1957 1001 2055 1024 reve-

1295 1048 1329 1070 ra
1356 1034 1487 1071 facium
1516 1036 1582 1080 est,
1611 1051 1715 1085 quum
1754 1038 1921 1087 regimini
1950 1039 2053 1075 unius

1297 1085 1403 1122 Ducis
1431 1096 1506 1122 tota
1534 1087 1683 1124 Tusciae
1714 1089 1898 1125 Provincia
1932 1092 2055 1125 Saecu-

1294 1138 1328 1173 lo
1347 1139 1453 1173 Nono
1470 1140 1707 1176 commendari
1730 1150 1852 1188 coepta
1873 1140 1937 1175 est.
1957 1142 2055 1186 Qua-

1296 1188 1450 1223 mobrem
1472 1188 1592 1232 restat,
1619 1199 1657 1225 ut
1678 1189 1787 1226 adhuc
1808 1193 2028 1237 VValpertum
2042 1217 2053 1234 ‚

1293 1238 1432 1286 ejusque
1457 1239 1666 1276 Successores
1692 1241 1731 1276 ad
1758 1244 1902 1276 Annum
1931 1240 2054 1276 saltem

1297 1291 1440 1324 DCCC.
1465 1289 1567 1324 unius
1595 1290 1758 1326 Lucenfis
1784 1292 1890 1327 Urbis
1918 1294 2054 1335 Duces,

1295 1338 1362 1373 five
1392 1338 1561 1374 Praesides
1589 1340 1805 1376 censeamus.
1839 1343 1930 1376 Nam
1960 1341 2055 1389 quod

1297 1388 1535 1424 Florentinius
1555 1403 1663 1438 nuper
1689 1391 1848 1426 laudatus
1869 1391 2055 1439 opinatur,

1294 1438 1442 1475 Cosmus
1468 1443 1551 1475 vero
1576 1441 1617 1476 de
1642 1443 1782 1486 Arena,
1809 1443 1843 1477 &
1871 1442 1997 1491 Pagius
2017 1456 2057 1478 u·

1296 1491 1323 1524 ti
1345 1500 1478 1525 certum
1499 1491 1674 1537 statuunt,
1692 1505 1816 1541 nempe
1840 1492 2055 1528 Defiderium

1295 1541 1424 1584 Tusciae
1439 1544 1556 1576 Ducem
1578 1544 1685 1578 Anno
1702 1543 1831 1579 Christi
1854 1545 2020 1580 DCCLV
2030 1545 2055 1579 I.

1295 1591 1468 1627 adlecium
1509 1592 1605 1628 fuisse
1644 1596 1774 1643 Regem
1806 1593 2056 1643 Langobardo-

1295 1655 1392 1685 rum,
1415 1642 1515 1678 bonis
1536 1644 1665 1679 tabulis
1686 1655 1797 1680 caret.
1827 1647 1938 1679 [mmo
1962 1646 2055 1679 Dan·

1296 1692 1395 1728 dulus
1432 1692 1469 1728 in
1507 1694 1687 1729 Chronico
1726 1708 1800 1741 pag.
1834 1706 1914 1740 142.
1945 1696 2052 1729 Tom.

1297 1745 1374 1777 XII.
1406 1745 1484 1779 Rer.
1523 1744 1725 1780 Italicarum
1756 1745 1797 1779 de
1828 1758 1869 1779 eo
1906 1744 2051 1779 scribit:

1296 1793 1476 1832 Desiderius
1501 1795 1627 1840 itaque,
1654 1795 1708 1841 qui
1731 1798 1806 1829 Dux
1832 1795 1940 1837 Istriae
1966 1806 2054 1839 erat,

1295 1844 1414 1878 auxilio
1440 1847 1548 1891 Papae
1570 1844 1677 1888 fastus
1708 1845 1748 1887 est
1776 1849 1847 1879 Rex
1877 1847 2056 1892 Longobar-

1293 1895 1419 1929 dorum.
1452 1894 1624 1939 Accedit,
1653 1895 1745 1943 quod
1777 1896 1843 1945 jam
1876 1896 1971 1940 supra
2002 1895 2057 1930 in-

1295 1946 1377 1989 nui,
1408 1947 1568 1981 Paullum
1604 1947 1802 1982 Diaconum
1832 1947 1869 1983 in
1901 1946 2056 1982 Historia

1278 1991 1562 2044 lLangobm-dica
1605 1997 1796 2032 identidem
1840 2010 2056 2032 commemo-

1279 2046 1380 2099 'raffe
1419 2049 1531 2082 Duces
1569 2048 1782 2087 Beneventi,
1822 2047 1982 2096 Spoleti,
2015 2060 2054 2082 ac

1237 2096 1378 2170 EjFori
1407 2099 1516 2141 julii,
1552 2099 1585 2133 δε
1614 2112 1656 2133 ne
1683 2112 1791 2134 unum
1820 2098 1960 2146 quidem
1989 2101 2057 2132 Tu-

1291 2148 1374 2192 sciae
1402 2151 1518 2183 Ducem
1544 2149 1722 2184 oblivioni
1750 2149 1929 2196 eripuisse.
1959 2150 2056 2193 Qua·

1297 2211 1332 2233 re
1367 2207 1505 2234 tantum
1535 2199 1576 2234 de
1612 2198 1705 2235 hisce
1742 2200 1818 2234 unis
1849 2199 2024 2234 filentium
2045 2227 2056 2243 ‚

1298 2257 1394 2284 tanta
1432 2254 1514 2285 vero
1549 2263 1628 2285 cura
1664 2249 1706 2285 de
1742 2249 1915 2296 reliquis?
1955 2252 2057 2285 Nun-

1278 2300 1381 2347 1quid
1411 2313 1480 2335 non
1508 2301 1541 2335 δε
1571 2299 1699 2335 Tuscia
1729 2299 1942 2335 nobiliffima
1973 2302 2057 2336 Pro-

1300 2350 1413 2386 vincia
1443 2350 1532 2394 fuit,
1569 2352 1601 2386 3<
1637 2350 1801 2386 latiffime
1831 2350 1986 2396 protensa
2016 2364 2055 2388 ac

1298 2400 1463 2437 illustris?
1494 2404 1580 2437 Sane
1608 2401 1689 2437 haec
1718 2415 1773 2436 me
1801 2416 1842 2437 eo
1870 2403 2058 2438 vehemen-

1300 2453 1369 2487 tius
1405 2452 1445 2487 ad
1474 2453 1689 2497 opinandum
1719 2452 1931 2500 impellunt,
1970 2467 2058 2488 non-

1301 2503 1380 2538 dum
1399 2503 1458 2538 uni
1478 2503 1568 2538 Duci
1591 2503 1784 2538 universam
1803 2503 1951 2539 Tusciae
1974 2506 2058 2539 Pro-

1303 2553 1456 2590 vinciam
1487 2562 1571 2590 tunc
1599 2553 1698 2590 fuiffe
1726 2555 1963 2598 commissam,
2001 2554 2058 2590 sed

1928 2617 2006 2654 qul·
