2195 3032
189 229 275 271 457

133 286 179 308 ces
213 273 422 323 lingularum
459 273 615 309 Urbium
649 272 709 308 sub
745 274 883 320 Lango-
914 276 944 309 A

133 324 248 360 bardis
266 326 438 373 Regibus
452 323 691 372 Liutprandus
710 326 784 359 Rex
803 323 883 360 Lib.

133 390 167 413 2
195 377 272 413 Tit.
300 388 361 423 41.
397 378 492 423 Lege
530 374 642 422 prima
669 373 806 418 edicit,
844 383 882 410 ut

131 427 194 475 qui
230 429 312 464 lites
346 426 500 469 habent,
537 425 578 460 ad
616 425 715 461 suum
750 427 880 461 Sculda

124 479 227 524 scium
251 475 460 513 dirimendas
487 475 519 510 d
532 475 665 519 ferant,
694 475 755 523 qui
784 475 804 510 fi
835 478 880 525 ju-

129 529 260 565 stitiam
300 524 410 563 facere
447 526 628 575 negliget,
666 540 776 575 poena
814 529 879 573 ple-

128 581 262 616 &tetur-
287 577 392 622 Quod
421 576 445 612 fi
472 555 643 626 ejusmodi
667 578 736 613 erit
764 578 884 621 causa,

129 639 167 666 ut
203 631 222 664 ὲ
257 627 430 664 Sculdafio
466 627 609 665 decerni
643 642 716 665 non·
752 628 882 674 poffit,

125 680 167 717 ad
194 679 346 725 Judicem
372 678 582 715 deducatur:
620 681 654 715 &
692 679 755 716 isto
783 680 881 717 suum

124 744 255 768 munus
278 730 508 779 negligente,
542 730 583 766 ad
613 731 791 767 Palatium
818 734 882 767 Re·

125 782 179 832 gis
228 781 370 817 tandem
418 781 652 817 controversia
693 782 857 818 deveniat
874 809 881 817 .

125 833 165 869 Si
192 835 267 867 verb
301 832 379 867 talis
413 833 506 875 causa
536 833 664 876 fuerit,
701 834 786 878 quod
819 832 882 879 ipsit

122 882 307 922 Sculdast'us
334 882 508 930 (Sculdais
534 881 638 918 habet
665 884 794 918 MStus
810 885 874 919 Co-

122 933 190 970 dex
216 932 390 981 Estenfis)
415 933 587 968 deliberare
612 933 740 968 minime
763 935 878 981 poffit,

120 985 249 1031 dirIgat·
271 985 380 1020 ambas
400 994 509 1031 partes
534 985 579 1018 ad
594 987 624 1028 J
627 984 744 1018 adicem
766 985 878 1029 suum.

121 1038 170 1070 Et
189 1034 225 1076 st
248 1049 300 1070 nec
316 1038 347 1079 J
349 1035 429 1069 udex
450 1034 622 1070 deliberare
643 1035 803 1081 potuerit,
829 1036 877 1069 di-

120 1086 210 1133 rigat
235 1086 322 1129 infra
347 1085 511 1120 duodect'm
533 1085 602 1119 dies
627 1087 738 1120 ambas
769 1095 877 1131 partes

120 1136 156 1170 in
179 1136 359 1183 praestentia
385 1135 513 1182 Regis.
543 1137 637 1184 Ergo
666 1135 737 1184 post
765 1135 878 1184 supre-

118 1200 219 1222 mum
247 1185 378 1234 Regiae
413 1185 543 1222 Curiae
579 1185 768 1231 tribunal,
801 1186 877 1222 uni-

119 1236 247 1285 cuique
273 1236 432 1273 Civitati
467 1236 545 1272 suus
573 1245 646 1273 erat
671 1239 790 1283 Judex
812 1237 874 1273 mi-

117 1288 224 1324 nister
269 1286 451 1334 justitiae,
500 1287 714 1323 auctoritate
753 1288 877 1324 fimilis

118 1338 295 1373 Comitibus
322 1338 548 1386 posteriorum
577 1346 775 1385 temporum
792 1365 800 1373 .
838 1340 878 1373 In

121 1388 404 1424 Praefationibus
431 1388 473 1423 ad
504 1390 616 1436 Leges
654 1388 730 1424 suas
765 1398 877 1436 prote-

119 1439 252 1474 stantur
276 1438 592 1487 Langobardorum
618 1440 749 1485 Reges,
778 1438 810 1474 se
835 1441 875 1474 E.

119 1489 216 1526 diffla
242 1489 308 1526 illa
333 1490 523 1526 efformaffe
550 1503 618 1524 una
653 1503 720 1524 cum
746 1490 877 1534 Judici-

82 1562 85 1563 ν
118 1542 177 1575 bus
212 1541 258 1574 (9²
296 1541 426 1588 reliquis
466 1540 684 1587 Langobardis
717 1539 875 1584 fidelibus

117 1601 185 1626 tam
212 1593 250 1625 de
275 1592 442 1633 Neustrt‘ae
456 1619 466 1634 ,
503 1593 596 1637 qudm
630 1597 670 1625 de
694 1590 849 1633 ..Austriae
864 1618 873 1633 ,

117 1643 172 1676 vel
198 1642 244 1676 'de
281 1642 411 1686 Tusciae
443 1642 595 1686 finibus.
636 1640 876 1689 Liutprandus

117 1694 202 1728 vero
231 1694 306 1727 Rex
335 1691 470 1727 eosdem
498 1692 636 1735 Judices
664 1691 874 1740 significatu-

117 1756 198 1787 rus,
235 1742 329 1777 hisce
366 1742 446 1778 aliis
473 1742 590 1777 verbis
627 1742 765 1778 utitur:
806 1747 876 1777 Una

118 1807 188 1828 cum
224 1793 399 1835 illustribus
432 1793 516 1827 viris
551 1794 765 1840 Optimatibus
800 1794 876 1827 mels

117 1843 287 1886 Neustriae
320 1844 367 1878 (Υ
398 1844 528 1888 Tusciae
559 1843 776 1891 (oscitantia
812 1843 872 1880 Li-

118 1894 314 1930 brariorum
356 1894 519 1930 excidisse
563 1904 651 1942 puto
690 1894 873 1942 Austriae)

118 1946 174 1979 vel
191 1944 348 1986 universis
368 1945 538 1980 Nobilibus
557 1946 798 1992 Langobardis.
819 1947 872 1980 Ex

117 1996 244 2044 quibus
272 1995 322 2031 sat
350 2005 445 2044 patet
462 2024 472 2039 ‚
499 1996 636 2040 judices
669 1995 707 2031 in
735 1995 873 2031 Civita-

116 2046 212 2082 tibus
246 2046 437 2094 primatum
467 2047 637 2090 tenuisse,
670 2046 724 2082 uti
751 2046 875 2082 deinde

117 2097 136 2132 ὲ
163 2099 339 2132 Comitibzs
375 2097 529 2141 factum,
567 2096 686 2144 eisque
712 2097 872 2132 commil-

115 2146 189 2183 sum
212 2148 405 2184 ministrare
426 2149 562 2195 Populo
589 2147 783 2192 Iustitiam.
810 2150 875 2183 Ce-

116 2207 231 2234 terum
259 2213 300 2234 an
329 2199 383 2234 nti
412 2202 624 2234 Francorum
654 2199 810 2243 Comites,
847 2198 872 2234 i-

116 2256 152 2284 ta
176 2249 486 2299 Langobardorum
499 2250 635 2294 judices
651 2249 782 2285 addiffi
804 2250 873 2297 pla-

117 2298 198 2335 cido
224 2301 315 2343 Juris
343 2300 477 2347 publici
505 2299 642 2344 studio,
668 2314 762 2336 arma
790 2313 872 2348 quo-

117 2363 183 2397 que
226 2350 369 2387 induere
409 2365 449 2387 ac
488 2351 672 2395 militare,
713 2350 874 2398 poscente

116 2399 338 2445 neceffitate,
375 2411 607 2450 cogerentur,
645 2401 801 2437 nondum
830 2402 873 2437 li-

116 2450 226 2496 quido
254 2450 435 2488 intellexi.
472 2455 525 2488 At
552 2453 593 2488 de
620 2452 677 2489 his
702 2453 808 2488 latius
838 2452 872 2488 in

117 2501 257 2536 Dissert.
286 2503 389 2538 VIII.
414 2504 452 2538 de
478 2503 653 2540 comitibus
680 2504 747 2540 erit
772 2503 867 2540 diffe-

114 2551 213 2588 rendi
241 2552 364 2589 locus.

484 212 1025 257 DISSERTATIO
1096 213 1378 258 SEXTA:

1586 219 1673 270 458

1023 275 1081 310 Ad
1111 277 1311 310 Mar-:hiones
1335 272 1462 310 venio.
1492 272 1585 309 Illud
1611 274 1736 320 expio&

972 335 1108 369 ratum,
1129 326 1166 361 id
1190 325 1345 361 nominis
1371 324 1431 361 sub
1459 323 1733 382 Imperatoribus

973 376 1115 411 Francis
1153 376 1198 411 iis
1239 376 1387 421 datum,
1424 375 1487 424 qui
1528 373 1735 410 Provincias

973 426 1096 474 positas
1134 427 1174 462 ad
1203 426 1292 462 fines
1318 426 1431 476 Regni
1467 426 1674 463 tuebantur:
1705 423 1738 459 i-

970 478 1048 512 dem
1089 477 1184 512 enirn
1227 477 1441 526 significabat
1484 476 1657 519 Marchio,
1694 487 1735 511 ac

973 527 1169 564 Ριειεῖεξὶυε
1206 528 1410 572 Marchiae,
1436 527 1506 564 five
1544 526 1734 570 Marchae,

971 579 1036 614 boc
1073 578 1118 614 est
1149 578 1356 615 Provinciae
1392 578 1542 628 alicujus
1570 575 1733 619 Praese-s,

973 629 1029 665 cui
1058 643 1159 673 cura,
1188 642 1226 665 ac
1255 631 1368 666 tutela
1393 629 1542 674 finium,
1570 641 1609 664 ac
1637 626 1736 663 limi-

972 690 1048 716 tum
1078 681 1191 728 Regni
1219 679 1464 716 commendata
1500 679 1634 723 fuerat,
1663 677 1733 713 five

946 740 1086 774 terra,
1125 731 1194 766 five
1231 731 1320 767 mari
1355 730 1505 766 hostium
1541 727 1733 766 incursibus

971 781 1162 818 Provincia
1185 791 1338 831 pateret.
1361 781 1458 817 Idem
1479 784 1562 816 vero
1582 792 1731 837 munus,

972 846 1044 868 non
1070 841 1188 869 tamen
1216 846 1367 876 nornen,
1393 832 1557 881 ignotum
1582 829 1734 866 minime

970 883 1038 919 fuit
1066 883 1125 919 sub
1162 882 1240 930 ipfis
1270 883 1460 919 Romanis.
1499 884 1593 918 Nam
1630 884 1697 915 Du
1690 892 1736 914 es

969 934 1150 970 limitanm
1173 933 1233 969 sub
1268 935 1399 969 Severo
1424 931 1629 968 Alexandro
1657 933 1734 966 Au-

972 985 1067 1041 gusto
1091 984 1212 1027 fuisse,
1232 983 1354 1020 anaor
1377 983 1422 1019 est
1442 981 1669 1029 Lampridius
1694 981 1734 1016 in

973 1049 1045 1084 ejus
1074 1035 1162 1071 Vita
1187 1036 1275 1082 Cap.
1301 1036 1364 1080 38.v
1389 1035 1448 1069 Ita
1466 1034 1484 1068 ὲ
1510 1031 1666 1080 Vopisco
1693 1031 1733 1066 in

971 1085 1167 1121 Aureliano
1192 1092 1514 1121 commemorantur
1537 1083 1732 1118 Saturninus

970 1137 1109 1185 Scythici
1135 1137 1252 1171 limitis
1278 1139 1377 1179 Dux,
1405 1136 1448 1169 (9⁴
1473 1135 1601 1182 Trypho
1620 1134 1731 1167 Orien-

969 1188 1047 1222 talis
1073 1188 1189 1222 limitis
1215 1190 1317 1222 Dux.
1345 1185 1411 1221 Sed
1436 1186 1472 1220 8<
1499 1187 1517 1219 ὲ
1545 1183 1730 1219 Trebellio

971 1238 1134 1274 Pollione
1161 1237 1199 1273 in
1227 1235 1332 1273 Celso
1360 1234 1496 1271 mentio
1523 1233 1564 1270 fit
1600 1238 1732 1281 Pompo.

971 1289 1082 1332 niani,
1126 1288 1189 1335 qui
1230 1286 1299 1322 fuit
1335 1289 1417 1321 Dux·
1445 1286 1561 1320 limitis
1597 1286 1730 1331 Lybici.

973 1340 1095 1374 Seculo
1121 1350 1261 1384 quoque
1287 1335 1504 1372 Christianae
1516 1337 1629 1371 Acrae
1647 1338 1732 1371 Sex-

969 1397 1008 1424 to
1035 1388 1094 1424 sub
1122 1387 1252 1423 Gothis
1281 1386 1434 1435 Regibus
1470 1386 1508 1422 in
1537 1386 1641 1421 Italia
1668 1386 1730 1421 do-

971 1438 1216 1482 minantibus,
1253 1437 1425 1484 ejusmodi
1459 1436 1568 1472 ritum
1608 1436 1731 1485 perdu-

971 1490 1054 1525 rass'e
1072 1517 1081 1534 ,
1119 1488 1212 1525 testis
1239 1487 1285 1524 est
1311 1487 1552 1524 Cassiodorius
1580 1488 1663 1524 Lib.
1694 1499 1730 1535 7.

969 1542 1055 1589 Cap.
1081 1553 1116 1586 4.
1146 1539 1282 1575 Variar.
1310 1541 1364 1574 En
1392 1539 1467 1586 ejus
1493 1539 1622 1574 verba:
1658 1541 1732 1573 Dn-

971 1602 1073 1626 catum
1097 1591 1159 1625 tibi
1181 1590 1333 1624 credimus
1357 1589 1590 1632 Rhaett'arum,
1615 1599 1650 1624 ut
1670 1590 1732 1623 mi-

969 1642 1042 1675 lites
1068 1642 1101 1676 in
1134 1651 1213 1688 pace
1238 1652 1352 1686 regas,
1390 1639 1434 1673 &⁵
1459 1653 1525 1674 cum
1552 1640 1596 1674 eis
1632 1640 1732 1674 Fines

969 1691 1082 1734 nostros
1103 1691 1236 1736 solemni
1257 1690 1424 1725 alacritate
1444 1690 1628 1725 circumeas.
1658 1692 1731 1726 Ne-

968 1756 1034 1790 que
1063 1741 1155 1777 secus
1184 1740 1338 1776 adhibiti
1364 1741 1383 1776 ὲ
1412 1743 1625 1776 Francorum
1664 1743 1732 1776 Re.

969 1793 1069 1841 gibus
1099 1794 1262 1827 P'roceres
1286 1790 1459 1827 militares
1472 1819 1485 1835 „
1510 1792 1571 1839 qui
1600 1790 1732 1833 finibus

972 1842 1238 1879 provinciarum
1255 1841 1396 1878 tuendis
1411 1841 1598 1889 praeessent
1609 1868 1620 1876 .
1634 1843 1733 1877 Tan-

969 1894 1000 1930 ti
1034 1897 1121 1930 vero
1155 1892 1329 1928 momenti
1365 1906 1417 1928 res
1453 1892 1619 1941 exigebat
1643 1920 1652 1936 ,
1690 1900 1730 1928 ut

956 1940 1039 1980 ¹non
1083 1944 1189 1980 unius
1227 1942 1429 1988 Civitatis,
1470 1943 1529 1978 sed
1571 1943 1729 1992 integrae

971 1995 1179 2031 Provinciae
1216 1993 1400 2038 homines,
1438 2002 1581 2042 urgente
1610 1994 1730 2041 aliqua

969 2056 1028 2082 aut
1055 2044 1306 2094 impreffione,
1340 2054 1400 2080 aut
1436 2044 1630 2093 suspicione
1666 2045 1730 2080 ho-

969 2098 1071 2133 stium
1099 2096 1423 2140 conterminorum,
1462 2095 1505 2131 ad
1541 2109 1635 2131 arma
1672 2095 1727 2131 in-

971 2148 1174 2197 surgerent,
1202 2149 1237 2182 ὃς
1265 2147 1325 2183 sub
1352 2161 1422 2183 uno
1451 2146 1565 2192 capite
1593 2146 1730 2182 milita-

967 2209 1063 2235 rent.
1091 2198 1167 2244 Qui
1195 2212 1276 2246 ergo
1303 2198 1344 2233 ad
1371 2197 1538 2232 Marcbiae
1564 2196 1632 2232 five
1653 2201 1729 2232 Pra-

968 2250 1093 2284 vinciae
1114 2250 1262 2285 tutelam
1286 2248 1446 2297 supremo
1463 2261 1640 2284 armorum
1662 2249 1730 2283 im-

969 2300 1064 2346 perio
1092 2299 1332 2348 deligebatur,
1361 2299 1392 2335 is
1419 2298 1487 2334 five
1516 2300 1622 2343 Dux,
1660 2297 1728 2334 five

966 2352 1094 2386 Comes
1136 2349 1227 2385 foret
1268 2359 1390 2394 antea,
1434 2350 1579 2385 Marchia
1619 2348 1728 2390 etiam

964 2401 1133 2448 appellari
1161 2414 1203 2436 ex
1232 2400 1298 2436 hoc
1327 2414 1472 2436 munere
1498 2409 1642 2449 coeptus
1663 2399 1730 2436 est.

971 2454 1078 2487 Porro
1107 2451 1277 2499 ejusmodi
1315 2451 1473 2487 officium
1511 2451 1551 2487 in
1578 2451 1729 2487 Provin-

968 2502 1055 2546 ciis,
1094 2516 1181 2550 quae
1210 2502 1417 2551 jampridem
1448 2501 1540 2538 Duci
1578 2501 1638 2538 uni
1676 2501 1729 2537 su-

971 2554 1091 2590 berant
1132 2554 1275 2602 (quales
1312 2554 1382 2602 jam
1421 2553 1577 2590 diximus
1614 2555 1731 2586 Forum

1557 2602 1650 2648 Jttlit'
1665 2629 1676 2645 ,
