2195 3032
213 231 267 270 29

503 207 1056 253 DISSERTATIO
1105 205 1389 251 PRIMA.

150 277 264 312 Coelo
292 285 330 309 ac
357 278 471 308 mente
500 268 687 312 fruuntur,
724 268 960 318 imperte1-A

150 326 212 363 riti
242 326 430 361 belluarum
460 333 555 354 more
582 319 619 354 in
650 320 719 354 tela
746 333 784 354 ac
812 320 906 356 enies

149 376 295 412 hostium
322 382 452 415 ruunt,
489 371 524 405 &
553 370 635 404 dum
665 369 724 404 fibi
755 382 905 406 mortem

148 433 333 465 temnunt,
371 421 454 457 aliis
482 420 641 456 faciliore
678 421 823 469 negotio
853 422 903 456 in-

148 485 293 533 gerunt.

150 526 342 563 habitantes
371 522 409 558 in
437 522 656 558 effeminatos
695 535 808 558 mores
839 523 915 558 lae-

148 589 188 624 pe
214 588 252 609 ac
281 573 412 610 saeuius
449 573 520 608 labi
547 573 723 608 cernimus
740 601 749 615 ‚
786 575 820 608 ἃ
847 574 904 608 de-

144 625 239 662 liciis
267 623 394 659 faustos
420 623 569 659 aversari
598 623 718 658 duram
748 624 831 658 belli
854 637 899 659 ar·

146 684 217 712 tem
252 677 287 709 &
317 674 470 723 pericula
506 673 654 709 mortis.
694 676 746 709 Ita
776 673 904 708 vastum

145 728 359 761 Graecorum
388 724 578 773 Imperium
606 729 726 759 Turcae
750 724 906 760 invasere

144 776 261 817 olim.
303 777 337 811 δε
374 788 466 811 nunc
506 785 696 823 premunt,
737 788 848 824 gens,
889 776 906 809 ὲ

146 828 264 875 gelido
292 825 548 874 Septemtrione
585 825 748 860 dimiffa.
787 828 906 861 Petrus

148 878 327 914 Diaconus
363 877 445 913 Lib.
481 879 544 912 IV.
573 877 660 921 Cap.
697 877 758 911 XI.
795 876 903 911 Chro-

149 929 219 964 nic.
238 928 396 964 Cafinen.
424 941 467 963 ex
492 930 679 962 Hunnorum
705 926 806 974 stirpe
825 930 903 961 Tur-

146 993 195 1014 cos
221 978 353 1014 censuit
370 1006 379 1013 .
407 980 463 1014 Sic
490 981 644 1021 scythae,
672 977 727 1012 seu
754 978 906 1019 Tartari,

149 1043 314 1078 magnum
343 1029 403 1064 fibi
432 1029 492 1064 sub
521 1029 732 1064 Tamerlane
759 1028 797 1063 in
827 1027 905 1063 Asia

149 1094 189 1116 ac
220 1081 317 1115 India
346 1079 536 1127 Imperium
566 1078 782 1126 quaesivere,
814 1079 906 1125 quod

147 1144 239 1167 nunc
261 1131 381 1176 Magni
400 1131 540 1177 Mogolis
555 1159 563 1175 ‚
593 1129 647 1165 seu
677 1130 820 1176 Mogoris
840 1131 904 1164 Im-

147 1183 282 1230 perium
305 1182 538 1228 appellamuS.
566 1183 635 1216 Suo
656 1193 795 1228 quoque
820 1189 905 1215 tem-

149 1245 232 1280 pore
253 1232 467 1267 Ammianus
489 1232 719 1267 Marcellinus
744 1231 826 1267 Lib.
848 1243 906 1278 31.

149 1285 236 1330 Cap.
265 1295 298 1318 2.
326 1282 457 1318 Histor.
485 1283 592 1327 Perses
626 1281 821 1330 appellavit
848 1282 903 1314 ori-

143 1334 234 1380 g’nis
259 1335 391 1378 Scythae
407 1360 415 1368 .
440 1334 586 1378 „cinenses
612 1346 695 1368 vero
711 1361 720 1377 ‚
749 1332 903 1367 innume·

147 1384 270 1419 rabilis
303 1385 340 1418 &
368 1383 556 1418 cultiffima
592 1397 674 1430 gens
709 1383 752 1418 ab
779 1383 904 1418 eisdem

149 1433 310 1477 Scythis,
339 1433 394 1466 seu
422 1433 602 1474 Tamaris,
632 1433 776 1466 Saeculo
803 1431 902 1465 Chri·

147 1482 188 1518 sti
208 1481 475 1518 Tertiodecimo
495 1481 670 1529 oppressa,
698 1479 810 1516 rursus
833 1494 904 1527 pro-

148 1532 247 1568 xime
283 1532 472 1581 praeterito
508 1534 652 1567 Saeculo
689 1530 748 1566 sub
785 1544 904 1566 eorum

148 1583 269 1632 jugum
296 1583 429 1625 rediit,
457 1583 490 1616 &
519 1581 629 1616 adhuc
657 1581 784 1616 servire
811 1581 897 1627 cogi

148 1642 230 1667 tur.
267 1635 366 1676 Quae
397 1631 519 1666 omnia
548 1632 566 1665 a
601 1644 658 1666 me
685 1630 723 1665 in
758 1643 838 1665 eum
867 1629 903 1664 fi

147 1696 227 1718 nem
249 1682 341 1717 dieta
360 1681 492 1725 velim,
522 1690 560 1716 ut
585 1681 737 1716 tamdem
760 1680 904 1728 quisque

146 1733 355 1781 intelligat,
391 1744 560 1778 quantum
599 1733 618 1766 a
658 1732 801 1779 Populis
840 1733 901 1766 Bo-

146 1784 297 1819 realibus
325 1783 521 1818 timendum
549 1782 589 1817 {it
607 1811 616 1826 ‚
651 1792 755 1829 atque
783 1795 900 1817 caven-

146 1834 229 1869 dum
257 1834 329 1878 iis,
364 1847 453 1881 quos
481 1834 521 1868 ad
552 1832 740 1868 Meridiem
770 1835 905 1868 Natura

145 1885 305 1920 locavit.
336 1883 497 1919 ProfeCm
525 1885 594 1932 jam
623 1884 734 1919 multa
761 1882 904 1919 effluxe-

145 1948 182 1970 re
218 1936 386 1979 Saecula‚
428 1948 470 1969 ex
507 1948 577 1981 quo
614 1937 711 1970 nulla
745 1935 904 1983 gentium

144 1985 494 2034 Septemtrionalium
524 1985 692 2032 migratio
720 1984 809 2020 fazsta
837 1984 902 2020 est:

144 2037 179 2071 ὃς
209 2050 311 2084 porro
339 2048 450 2082 neque
491 2037 642 2082 amplius
668 2036 826 2071 timenda
854 2036 903 2070 vi-

145 2086 272 2131 detur,
311 2099 418 2134 quum
455 2087 665 2121 Germanica
701 2086 800 2121 natio
830 2100 904 2121 om·

144 2137 244 2173 nium
272 2136 479 2178 fortiffima‚
507 2136 690 2184 praecipue
718 2150 842 2185 magna
872 2151 903 2172 a-

144 2187 307 2236 gentibus
335 2187 499 2235 Augustis
526 2190 764 2222 Romanorum
793 2190 902 2235 Impe-

144 2238 344 2282 ratoribus‚
383 2252 452 2273 non
482 2239 589 2273 solllm
618 2241 814 2274 Turcarum
845 2251 901 2287 po-

144 2289 302 2333 tentiae,
340 2288 393 2324 sed
423 2291 456 2324 8<
485 2289 672 2325 insultibus
703 2290 902 2325 Borealium

144 2339 304 2375 omnium
331 2340 470 2376 obicem
499 2340 733 2377 firmiffimum
761 2354 822 2381 per
849 2349 903 2375 tot

146 2389 214 2436 jam
251 2392 392 2427 Saecula
429 2390 607 2439 posuerit,
643 2394 677 2426 ὃ(
715 2390 826 2426 adhuc
864 2390 903 2426 slt

147 2439 317 2486 positura.
355 2447 525 2477 Attamen
553 2443 646 2490 quod
683 2441 819 2477 tamdiu
847 2441 899 2476 de-

146 2489 261 2525 suevit
288 2491 388 2535 fieri,
415 2493 546 2528 sanstum
576 2504 691 2528 tamen
720 2492 807 2527 olim
837 2492 902 2536 est,

148 2538 345 2589 iterumque
379 2543 533 2581 accidere
575 2545 710 2593 posset,
751 2542 814 2579 nisi
851 2544 901 2579 in·

332 472 605 507 Meridionalem
642 485 726 507 vero
769 473 915 522 plagam

1632 217 1691 267 ''30

985 269 1091 304 tentis
1119 269 1258 312 oculis,
1295 264 1497 314 viribusque
1529 266 1660 317 semper
1689 282 1745 319 pa<

983 320 1069 355 ratis
1097 319 1134 355 in
1163 319 1339 367 quoslibet
1368 319 1598 354 Barbarorum
1627 330 1743 358 motus

985 372 1122 419 Europa
1152 370 1401 406 Meridionalis
1430 369 1641 417 inspiceret.

1034 423 1087 456 En
1127 431 1164 456 ut
1202 421 1417 470 temporibus
1457 420 1579 456 nostris
1622 431 1744 470 poten.

985 471 1070 506 tiam
1100 471 1192 507 suam
1222 471 1359 507 auxerit
1384 485 1470 506 unus
1499 472 1743 509 celeberrimus

985 524 1135 571 Magnus
1155 522 1360 557 Moscoviae
1382 524 1483 565 Dux,
1518 524 1637 558 Petrus
1659 526 1745 560 Ale-

983 573 1207 617 xiovstzius,
1245 572 1518 608 bellicofiffimus
1556 574 1743 621 Princeps,

985 624 1045 670 qui
1075 623 1106 658 se
1135 623 1317 658 Rufforum
1348 624 1596 670 Imperatorem
1629 624 1745 660 dicere

986 674 1130 721 coepit3
1167 675 1202 707 &
1240 671 1302 707 nisi
1331 673 1402 720 ejus
1439 673 1580 708 consilia
1619 674 1745 710 imma-

986 733 1061 758 tura
1099 737 1191 758 mors
1228 723 1490 772 praevertisset,
1527 724 1596 771 jam
1635 725 1747 760 Meri-

985 774 1078 809 diem
1106 773 1208 809 avide
1241 773 1578 821 circumlpeffiabat‚
1613 776 1647 809 ὃ(
1678 786 1745 811 ter.

985 824 1142 860 restribus
1173 824 1310 872 copiis,
1345 825 1380 859 &
1418 823 1576 859 claffibus
1615 824 1745 873 semper

985 875 1194 923 irrequietus
1222 874 1445 909 minabatur.
1485 875 1553 909 Sub
1580 878 1744 910 Sarmata.

986 939 1052 960 rum
1080 925 1224 960 nomine
1260 924 1451 971 Rufforum,
1489 924 1556 960 five
1586 927 1746 970 ΜοῙεουὶ.

984 987 1088 1010 tarum
1114 987 1253 1024 gentem
1292 975 1538 1022 ampliffimam
1570 986 1745 1012 noverunt

984 1027 1100 1070 olim,
1137 1040 1175 1062 ac
1212 1036 1450 1062 memorarunt
1489 1027 1665 1071 Romani,
1707 1027 1745 1063 in

987 1077 1066 1112 Afia
1094 1076 1216 1119 fimuI,
1244 1091 1283 1112 ac
1311 1079 1450 1126 Europa
1476 1078 1613 1112 Borean
1641 1078 1746 1114 diffu-

986 1127 1081 1163 sam.
1122 1129 1215 1173 Rnffi
1253 1127 1403 1171 deinde,
1442 1127 1497 1163 seu
1534 1129 1669 1173 Rhosfi,
1705 1142 1745 1164 ac

930 1181 959 1214 C
986 1179 1129 1213 Rutheni
1163 1178 1332 1226 appellati
1359 1178 1464 1221 sunt,
1501 1187 1540 1214 ut
1570 1179 1715 1214 Photius
1734 1207 1744 1223 ,

928 1635 960 1667 D

968 2447 1124 2474 vocamus
1167 2441 1387 2475 Nordmannos
1401 2453 1410 2475 ε

988 1229 1317 1277 Porphyrogenneta
1336 1257 1345 1273 ,
1374 1230 1508 1265 Cedrei
1497 1243 1551 1264 us
1569 1258 1578 1273 ,
1619 1231 1746 1273 §olian-

985 1293 1043 1315 nes
1070 1282 1250 1324 Zonaras,
1279 1280 1411 1328 aliique
1437 1280 1562 1315 Graeci
1592 1281 1746 1328 Scripto-

987 1344 1037 1366 res
1074 1331 1265 1375 testantur,
1306 1333 1367 1378 qui
1404 1331 1513 1366 etiam
1556 1331 1746 1366 memoriae

986 1381 1232 1426 prodiderunt,
1262 1383 1370 1415 Anno
1396 1382 1627 1415 DCCCLXI.
1650 1383 1746 1416 Con-

984 1430 1248 1478 stantinopolim
1276 1431 1295 1464 ὲ
1328 1431 1436 1475 Ruffis
1461 1430 1625 1466 obsessam
1662 1431 1746 1467 fuis-

987 1479 1041 1523 se,
1078 1479 1178 1514 inani
1206 1489 1323 1515 tamen
1363 1490 1519 1528 conatu3
1555 1482 1591 1514 8<
1625 1483 1745 1528 paullo

985 1529 1054 1576 post
1085 1529 1319 1564 Christianam
1357 1530 1609 1577 Religionem,
1646 1532 1745 1579 abju-

983 1588 1058 1612 rato
1095 1579 1275 1613 Idolorum
1312 1580 1439 1623 cultu,
1483 1579 1581 1614 fuiffe
1617 1581 1659 1615 ab
1695 1582 1745 1618 eis

982 1628 1198 1676 susceptam.
1234 1630 1290 1663 Ex
1318 1628 1363 1664 iis
1398 1643 1539 1677 quoque
1576 1631 1745 1668 Anami-

983 1680 1043 1714 bus
1070 1677 1236 1715 discimus
1253 1707 1262 1723 ‚
1291 1690 1457 1727 regnante
1486 1684 1648 1716 Romano
1675 1685 1745 1718 Le-

983 1743 1112 1776 capeno
1136 1732 1351 1766 Graecorum
1374 1733 1608 1779 Imperatore,
1635 1734 1745 1769 Anno

984 1782 1250 1817 DCCCCXLI.
1278 1780 1392 1826 Ruffias
1429 1782 1564 1818 eosdem
1593 1783 1743 1820 immani

983 1831 1081 1867 classe
1118 1845 1177 1879 per
1206 1833 1358 1867 Pontum
1396 1834 1576 1869 Euxinum
1612 1834 1743 1879 ἀυᾶἓι,

982 1882 1018 1916 in
1047 1895 1210 1930 magnum
1237 1882 1425 1918 discrimen
1449 1897 1501 1918 res
1528 1887 1743 1921 Graecorum

982 1933 1163 1981 conjecisse
1183 1961 1192 1976 ,
1222 1932 1275 1968 sed
1305 1934 1458 1968 tamdem
1487 1934 1621 1970 vi'chos.
1649 1935 1741 1971 Heic

982 1994 1097 2019 autem
1125 1983 1315 2019 audiendus
1344 1985 1583 2028 Liutprandus
1609 1986 1741 2031 noster,

983 2034 1043 2081 qui
1062 2034 1184 2070 iisdem
1203 2035 1419 2083 temporibus
1436 2035 1577 2079 floruit,
1597 2038 1630 2071 8<
1649 2036 1742 2073 suam

984 2085 1174 2120 Historiam
1207 2085 1363 2131 scripsit.
1402 2088 1531 2121 Narrat
1566 2087 1629 2122 ille
1659 2088 1741 2124 Lib.

984 2137 1027 2171 V.
1057 2138 1144 2182 Cap.
1173 2138 1237 2172 VI.
1268 2135 1440 2171 Rufficam
1475 2137 1635 2172 eamdem
1673 2139 1741 2173 im.

984 2186 1186 2234 preffionem
1223 2188 1262 2223 in
1296 2189 1448 2222 Graecos
1492 2187 1648 2232 faetam,
1689 2198 1743 2224 at.

982 2250 1048 2284 que
1076 2237 1129 2272 his
1150 2237 1265 2273 verbis
1294 2248 1432 2286 gentem
1455 2237 1627 2274 delineat:
1656 2243 1742 2274 Gens

983 2290 1133 2334 quaedam
1159 2289 1201 2331 est
1223 2289 1283 2333 sub
1308 2289 1483 2331 Aquilonis
1516 2300 1606 2335 parte
1632 2292 1741 2333 confli-

982 2349 1072 2382 umz,
1101 2352 1194 2386 quam
1220 2342 1241 2373 d
1276 2339 1431 2386 qualitate
1466 2341 1595 2386 corporis
1630 2342 1742 2376 Graeci

981 2400 1094 2424 vocant
1121 2388 1234 2431 Russos
1249 2417 1258 2427 ,
1287 2403 1341 2423 nos
1364 2403 1439 2424 vero
1461 2393 1485 2424 ιὶ
1509 2391 1658 2437 posttt'one
1683 2392 1742 2426 loci

1458 2441 1589 2485 Lingua
1630 2443 1743 2488 quippe

979 2494 1153 2525 Teutonum
1190 2493 1280 2525 Nord
1318 2492 1469 2538 Aquilo,
1513 2495 1598 2526 Μαη
1635 2504 1739 2527 amem

980 2555 1066 2585 mas,
1097 2541 1154 2586 sen
1178 2542 1234 2577 vir
1257 2542 1402 2577 dicitur:
1438 2543 1520 2577 unde
1557 2543 1599 2577 (9’
1634 2545 1739 2578 Nord-

1601 2606 1689 2627 ῨῙΠῖῙΙ·
