2195 3032
185 239 264 289 289
498 230 1166 288 ANTIQUIT.MED11
1216 230 1389 273 AEVI
1605 245 1688 283 290

183 293 396 343 Progredior
422 305 512 328 nunc
540 291 582 326 ad
612 294 714 326 Duces
751 290 864 336 Major
866 294 950 327 eslA
987 292 1070 334 bus,
1098 294 1132 327 ὅ(
1160 289 1239 340 ipsis
1268 293 1403 339 Regum
1430 287 1618 324 affinibus:
1658 298 1744 334 quae

132 323 275 380 Italicio
299 343 443 402 Regni,
484 354 633 389 quorum
676 340 821 389 potestas
858 355 895 376 ac

133 395 290 444 regimen
317 395 354 430 in
375 393 547 439 integram
570 391 723 436 aliquam
749 392 893 427 Provin-

135 446 230 481 ciam
247 442 535 500 protendebatur.
548 442 615 477 Sub
633 442 786 490 Regibus
804 444 889 478 Lan

136 495 295 545 gobardis
321 492 349 528 ii
388 499 525 527 tantum
564 492 633 528 duo
669 492 768 528 fuisse
806 493 893 528 mihi

135 528 320 581 creduntur
338 569 348 586 ,
377 541 512 578 scilicet
539 546 646 590 Stpole
650 544 661 577 i
678 572 687 586 ,
730 556 768 579 ac
796 546 892 578 Bene

135 595 243 638 venti,
271 606 421 640 quorum
450 592 628 629 institutio
649 593 824 629 reierenda
851 594 894 628 est

133 644 174 680 ad
203 642 273 691 ipsa
302 642 493 691 primordia
519 644 632 693 Regni
653 644 889 692 Langobardi·

133 694 189 730 ci.
220 694 266 729 Iis
294 704 410 729 aurem
440 695 598 730 Ducibus
627 694 812 743 peculiaris
835 708 891 742 po·

132 744 264 780 testatis
291 744 450 780 mensura
477 744 611 780 tributa
639 744 729 789 fuit,
757 745 791 780 8(
817 745 888 792 qui>

131 795 213 831 dem
248 808 320 831 non
347 794 386 830 in
417 808 522 831 unam
560 803 698 831 tantum
738 795 893 838 Urbem,

134 844 190 881 sed
218 845 254 881 in
283 846 421 894 plures.
447 847 572 893 Neque
599 845 625 881 ii
654 854 752 881 erant
781 858 891 891 preca-

135 895 182 931 rii
210 896 489 939 Gubernatores,
527 895 581 931 sed
610 895 759 941 supremi
791 909 895 943 paene

136 946 310 990 Domini,
339 946 407 982 five
435 946 586 995 Reguli,
615 945 784 990 ejusmodi
814 947 894 982 Pro·

137 995 335 1032 vinciarum
354 1025 364 1041 ,
401 997 438 1032 in
467 997 594 1044 quibus
623 996 706 1031 Filii
740 996 892 1031 Parenti-

139 1047 202 1082 bus
231 1046 478 1092 succedebant,
500 1047 672 1082 elessione
692 1055 808 1082 tamen
834 1048 890 1081 Po-

137 1097 213 1145 puli
234 1125 242 1139 ‚
272 1107 309 1133 ut
338 1107 447 1145 puto,
484 1096 742 1140 intercedente,
781 1097 833 1131 uti
862 1098 893 1131 &

138 1147 303 1183 consensu
332 1150 465 1196 Regum
483 1176 493 1190 ‚
531 1149 549 1182 a
577 1147 703 1195 quibus
731 1147 895 1182 novimus

137 1197 237 1233 datos
264 1197 439 1233 interdum
467 1201 577 1233 Duces
597 1197 725 1233 eisdem
749 1198 892 1233 Provin-

137 1247 223 1283 ciis.
251 1250 325 1284 Cur
346 1262 427 1284 vero
448 1248 555 1283 latior
575 1247 795 1291 dominatio,
825 1261 893 1283 ma·

137 1299 293 1346 jore-sque
322 1299 584 1348 praerogativae
602 1298 801 1347 hujusmodi
824 1300 894 1333 Du-

139 1349 236 1383 cibus
264 1349 437 1383 concessae
465 1349 617 1391 suerint,
654 1349 735 1383 inde
764 1348 890 1383 manas·

138 1398 170 1433 ic
201 1408 312 1442 puto,
350 1399 442 1445 quod
472 1398 663 1445 majoribus
692 1398 826 1433 viribus
854 1399 895 1432 ad

139 1462 193 1484 eas
222 1448 378 1496 regiones
407 1448 568 1483 tutandas
595 1461 681 1495 opus
708 1448 824 1492 foret,
861 1450 893 1483 &

140 1499 248 1547 Regia
277 1499 587 1547 Langobardorum
616 1499 658 1533 ab
678 1498 722 1534 iis
744 1499 895 1534 nimium

138 1550 293 1585 distaret.
318 1549 461 1584 Scilicet
481 1548 679 1584 infenfiores
707 1561 746 1584 ac
774 1558 891 1596 poten·

139 1600 246 1635 tiores
264 1599 371 1634 hostes
383 1626 393 1642 ,
409 1613 496 1646 quos
512 1599 571 1634 diu
587 1598 783 1634 sustinuerit
800 1601 891 1635 Lan-

138 1649 323 1697 gobardica
352 1662 455 1697 gens,
484 1649 577 1684 fuere
604 1649 753 1692 Graeci,
790 1658 894 1696 atque

138 1701 167 1735 ii
196 1699 273 1734 sane
301 1698 508 1742 excusandi,
537 1698 619 1745 quia
648 1700 665 1734 ὲ
693 1700 894 1747 Langobar·

138 1750 191 1785 dis
212 1759 267 1785 tot
286 1749 445 1785 felicium
471 1749 736 1785 Provinciarum
757 1750 892 1786 ditione

138 1799 301 1848 spoliati.
322 1801 512 1845 Spoletano
532 1800 684 1836 Ducatui
707 1802 892 1836 contermi-

140 1851 176 1886 ni
206 1858 303 1885 erant
332 1852 488 1885 Ducatus
526 1852 703 1886 Romanus
731 1864 773 1886 ex
801 1865 868 1886 una
887 1880 896 1894 ‚

138 1900 356 1936 Exarchatus
386 1902 568 1936 Ravennas
596 1915 674 1936 cum
712 1903 894 1948 Pentapoli

140 1965 180 1987 ex
202 1953 309 1986 altera
325 1978 332 1986 .
359 1952 624 1986 Beneventanus
645 1961 761 1988 autem
784 1955 881 1987 Duca

138 2011 193 2037 tus
233 2002 370 2050 jacebat
406 2001 499 2037 inter
540 2001 652 2046 ipsum
698 2005 893 2037 Romanum

137 2054 313 2087 Ducatum
328 2079 337 2094 ‚
356 2051 535 2099 variasque
551 2054 764 2087 Graecorum
787 2053 895 2088 Urbes

138 2101 354 2137 maritimas.
369 2105 489 2149 Itaque
501 2102 630 2137 necesse
646 2102 715 2138 fuit
730 2103 765 2137 in
785 2116 892 2138 remo-

137 2152 289 2188 tioribus
315 2152 406 2188 hisce
436 2152 548 2201 Regni
577 2153 733 2201 partibus
762 2153 891 2189 Praese-1

137 2202 212 2238 &cos
240 2202 445 2238 constituere
473 2216 544 2238 non
566 2203 720 2252 vulgaris
745 2203 888 2239 auetori-

136 2253 223 2289 tatis
250 2262 353 2301 atque
381 2254 581 2297 potentiae,
609 2255 756 2302 quibus,
787 2268 893 2302 quum

138 2303 315 2339 neccffitas
332 2304 508 2352 posceret,
521 2304 611 2339 vires
629 2318 672 2339 m
667 2306 735 2340 ultr
732 2319 756 2340 s
775 2318 894 2353 cogere

139 2352 242 2388 faeile
263 2354 351 2390 folet
364 2354 511 2401 ‚casque
527 2357 738 2390 Graeceium
760 2357 892 2390 conati

140 2404 202 2438 bus
228 2417 420 2452 opponere.
449 2407 569 2462 Atque
599 2405 682 2440 inde
709 2405 815 2441 etiam
847 2405 887 2441 sa-

139 2453 234 2489 &um
249 2482 258 2497 ‚
279 2464 318 2489 ut
339 2456 522 2491 memorati
551 2455 620 2491 duo
641 2458 818 2499 Ducatus,
840 2456 892 2491 uti
914 2485 915 2488 ,

139 2503 398 2552 praestantiores
420 2505 541 2541 ceteris
554 2534 563 2548 ‚
579 2506 730 2543 conferri
747 2506 894 2542 solerent

136 2553 300 2590 omnium
336 2554 561 2594 nobilissimis
596 2557 710 2606 Regni
738 2556 892 2595 Proceri-

239 2609 327 2645 Tom.
353 2609 388 2644 L

933 2108 953 2139 Ε,
988 2117 1033 2138 ces
1059 2113 1178 2139 erant.

986 319 1219 386 consuetudo,
1237 341 1379 377 Francis
1394 340 1502 377 etiam
1518 339 1556 374 in
1575 337 1677 374 Italia
1694 349 1746 372 re-

985 392 1195 439 gnantibus,
1223 391 1368 428 subinde
1395 390 1581 426 obtinuit.
1620 389 1745 436 Agno-

987 442 1125 477 lcebant
1158 446 1271 478 Duces
1308 442 1363 478 isti
1400 441 1598 490 supremum
1636 437 1743 486 Regis

987 493 1038 540 jus
1077 506 1115 528 ac
1143 492 1444 536 dominationem,
1482 489 1621 540 ejusque
1658 486 1745 523 Vas-

988 542 1085 587 salli,
1124 553 1163 579 ut
1191 556 1282 578 nunc
1311 543 1487 586 dicimus,
1524 549 1647 587 erant3
1687 537 1742 574 sed

985 595 1018 627 ὃς
1046 592 1106 638 ipsi
1136 592 1348 640 amplissimo
1383 593 1455 641 jure
1493 591 1560 627 suis
1598 589 1743 637 Populis

984 643 1276 686 dominabantur,
1289 656 1398 699 neque
1415 642 1628 678 tributorum
1642 639 1743 687 quid-

986 707 1112 741 quam,
1140 702 1179 730 ut
1208 703 1314 741 puto,
1343 694 1380 728 in
1403 692 1541 728 Fiscum
1563 690 1668 739 Regis
1689 690 1743 725 in-

985 721 1160 780 ferebaiit.
1186 743 1306 790 Major
1333 751 1450 779 tamen
1479 742 1532 778 uti
1560 740 1741 788 potentia,

985 794 1034 830 ita
1054 795 1088 829 3<
1109 793 1299 830 auetoritas
1326 793 1394 829 fuit
1424 792 1554 842 semper
1578 794 1742 826 Beneven-

985 845 1071 879 tanis
1106 845 1247 880 Ducibus
1268 872 1277 888 ,
1319 857 1424 891 quam
1460 842 1641 890 spoletanis
1661 869 1670 885 ,
1707 842 1741 875 8<

986 894 1166 952 praecipue
1194 895 1253 930 sub
1281 894 1422 929 Francis
1443 891 1741 939 Imperatoribus·

986 954 1069 980 tunc
1087 945 1183 980 enim
1205 947 1450 980 Beneventana
1471 940 1593 978 ditio
1583 953 1620 976 m
1642 941 1744 976 Prin-

985 995 1139 1043 cipatum
1166 994 1330 1030 conversa
1350 993 1440 1036 Lit,
1461 1006 1571 1041 eoque
1601 990 1742 1026 tandem

985 1046 1148 1090 devenit,
1186 1054 1225 1081 ut
1252 1046 1391 1081 nullum
1419 1044 1518 1094 lupi-a
1544 1042 1577 1080 se
1606 1041 1742 1078 Primi-

985 1109 1061 1144 pem
1090 1095 1273 1144 agnoscere
1301 1096 1437 1131 vellet.

1036 1146 1133 1182 Mihi
1161 1147 1248 1181 olim
1279 1146 1450 1181 insederat
1476 1145 1625 1194 opinio,
1668 1144 1743 1180 Du·

984 1206 1099 1232 catum
1128 1197 1372 1243 Fomjuliensem
1398 1196 1521 1232 iisdem
1543 1195 1741 1245 privilegiis

985 1261 1023 1282 ac
1044 1247 1177 1296 juribus
1198 1256 1406 1283 exornatum
1423 1246 1542 1290 fuisse,
1560 1247 1616 1282 vel
1632 1257 1740 1293 quum

985 1298 1209 1346 Langobardi
1240 1301 1348 1345 Reges
1376 1298 1414 1332 in
1443 1297 1546 1332 Italia
1583 1295 1743 1331 domina-

985 1349 1131 1392 bantur,
1159 1347 1281 1383 duetus
1303 1347 1512 1383 auSioritate
1535 1346 1634 1382 Pauli
1657 1345 1743 1381 Dia-

986 1398 1092 1441 coni,
1121 1398 1182 1445 qui
1210 1411 1329 1433 eorum
1360 1400 1497 1433 Ducum
1519 1397 1596 1433 aE‘ca
1615 1398 1647 1432 8<
1670 1396 1744 1432 suc·

986 1447 1190 1492 ceffionem,
1220 1462 1290 1484 non
1319 1447 1411 1483 secus
1440 1459 1543 1494 atque
1564 1448 1744 1483 Beneven-

984 1498 1120 1534 tani&
1155 1498 1334 1547 Spoletani
1373 1501 1528 1534 Ducatus
1566 1496 1741 1546 persequi-

985 1559 1059 1584 tur.
1088 1552 1219 1585 Verum
1247 1549 1316 1584 alia
1345 1548 1434 1584 mihi
1454 1561 1548 1585 nunc
1568 1547 1742 1584 sententia

987 1599 1054 1634 est.
1083 1599 1227 1635 Scilicet
1255 1599 1317 1635 uni
1345 1598 1529 1642 Civitati,
1565 1597 1745 1646 regnanti-

988 1649 1048 1684 bus
1086 1649 1348 1698 Langobardis,
1386 1647 1632 1697 Forojulianus
1661 1651 1743 1684 Dux

988 1699 1166 1747 praefuisse
1194 1699 1284 1735 mihi
1313 1699 1486 1744 creditur,
1516 1699 1581 1735 hoc
1609 1700 1654 1735 est
1682 1702 1745 1733 Fo-

989 1764 1018 1783 ro
1037 1751 1150 1794 sulii,
1188 1764 1274 1798 quae
1311 1749 1453 1786 Civitas
1479 1763 1571 1786 nunc
1608 1750 1747 1785 cividat

986 1801 1021 1834 di
1049 1801 1158 1835 friuli
1193 1801 1409 1849 appellatur,
1446 1800 1505 1836 cui
1539 1800 1682 1848 quidem
1710 1814 1744 1836 e-

990 1851 1083 1887 versa
1101 1851 1269 1898 Aquileia
1284 1864 1362 1886 cum
1385 1851 1655 1899 quamplurimis
1670 1853 1744 1899 Op-

989 1901 1100 1948 pidis,
1122 1903 1154 1936 8<
1177 1901 1388 1948 ampliffimo
1410 1915 1491 1950 agro
1509 1901 1624 1949 (nunc
1645 1902 1743 1937 Friu-

989 1953 1038 1999 li)
1067 1951 1223 1995 suberat,
1253 1952 1307 1987 sed
1336 1953 1436 1987 nullo
1464 1952 1536 1999 jure
1563 1951 1600 1987 in
1629 1951 1742 1988 finiti-

989 2016 1059 2037 mas
1088 2003 1199 2038 Urbes
1227 2002 1403 2043 Tarvisii,
1434 2002 1642 2046 Vicentiae,
1677 2004 1743 2038 Pa.

989 2053 1076 2088 tavii
1102 2054 1170 2089 ἃς.
1202 2053 1328 2101 quibus
1367 2053 1416 2088 sui
1454 2053 1643 2100 peculiares
1671 2056 1744 2088 Du.

1215 2107 1296 2139 Non
1326 2103 1417 2151 quod
1448 2116 1544 2152 pares
1573 2103 1597 2138 ii
1628 2105 1742 2140 Duces

989 2154 1102 2190 forent
1146 2154 1400 2190 Beneventanis
1441 2156 1474 2188 ὅ(
1517 2153 1742 2201 Spoletanis,

988 2217 1106 2239 corum
1145 2204 1266 2240 seriem
1296 2204 1480 2240 contexuit
1509 2205 1658 2249 Paulus,
1685 2203 1743 2241 sed

987 2254 1079 2299 quod
1112 2254 1183 2302 ipse
1210 2255 1245 2290 in
1277 2258 1367 2290 Foro
1402 2254 1489 2298 Julii
1528 2263 1651 2298 natus,
1687 2269 1741 2292 res

991 2305 1126 2340 Patriae
1153 2305 1278 2353 majori
1309 2319 1375 2352 qua
1407 2304 1524 2352 potuit
1555 2305 1742 2354 diligentia

987 2355 1099 2390 literis
1126 2355 1385 2391 commendatas
1409 2355 1545 2391 voluit.
1572 2357 1743 2393 Ceterum

988 2405 1162 2453 postquam
1184 2407 1333 2441 Carolus
1359 2408 1511 2455 Magnus
1539 2408 1744 2456 Langobar-

986 2457 1108 2491 dorum
1141 2458 1263 2504 Regno
1299 2456 1433 2504 potitus
1461 2457 1528 2499 est,
1563 2466 1603 2493 ut
1629 2457 1739 2505 esset,

985 2506 1046 2553 qui
1075 2507 1217 2542 Sclavos
1234 2534 1244 2549 ,
1271 2508 1427 2551 Avares,
1457 2508 1491 2543 &
1518 2511 1669 2544 Graecos
1697 2509 1739 2544 fi.

986 2556 1135 2595 nitimos
1176 2557 1311 2596 viribus
1350 2557 1419 2596 suis
1460 2559 1740 2610 comprimeret,

1081 2609 1117 2645 T
1583 2611 1692 2646 form·
