2195 3032
469 224 553 274 603

778 217 1164 276 ANTIQUJT.
1213 219 1439 263 MEDII
1482 220 1652 264 AEVI

1874 227 1961 279 6042

409 277 600 315 verifimile
637 276 799 312 videtur.
836 279 958 323 Quum
994 278 1090 314 enim
1123 280 1228 315 eo'A
1260 279 1376 315 rienfis
1406 283 1497 316 Part.
1528 283 1573 317 11.
1603 280 1713 318 Tomi
1753 281 1799 317 II.
1830 283 1909 318 Rer.
1948 284 2018 319 Ita.<

410 330 487 378 ipso
515 330 623 363 Anno
650 327 856 363 Ludovicus
892 327 970 364 filio
1007 328 1067 365 suo
1095 332 1165 366 Lo-

410 379 529 415 thario
564 390 730 413 coronam
767 379 993 427 Augustalem
1034 382 1166 416 Romae

409 428 659 474 imponendam
689 428 854 473 curaflset,
885 443 1034 478 eumque
1062 433 1167 467 colle·

409 494 489 530 gam
526 479 563 515 in
608 480 761 526 Imperio
797 480 1026 526 decreviffet‚
1061 495 1166 529 quem

410 541 513 567 antea
555 530 667 579 Regio
709 530 818 566 titulo
843 558 853 574 ,
897 541 1001 580 atque
1042 532 1168 568 Italiae

410 582 584 631 regimine
624 581 800 626 donarat,
842 581 946 618 facile
993 583 1167 630 conjicere

411 633 608 681 possumus,
637 641 712 667 tum
734 641 773 668 ut
800 632 1026 669 incommoda
1055 635 1168 682 Popu-

408 684 455 720 tis
483 685 749 728 minuerentur,
786 692 863 719 tum
891 684 999 720 etiam
1028 693 1170 732 propter

1258 330 1317 365 lic.
1355 331 1529 367 Habitum
1562 346 1713 382 namque
1746 332 1836 368 illud
1873 333 1941 369 fuit
1977 333 2017 370 in

1260 383 1397 417 Ducatu
1438 384 1626 429 Spoletano
1667 385 1761 419 inter
1802 383 1944 420 Aefium
1979 385 2016 419 δεῖ

1257 432 1485 467 Camerinum
1506 446 1548 468 ex
1577 434 1663 482 jussu
1690 433 1793 483 ipsius
1823 436 2015 482 Imperato-

1257 482 1304 517 ris
1329 482 1507 518 Ludovici
1537 485 1582 519 II.
1611 485 1731 533 ibique
1752 485 1938 521 consedisse
1966 487 2016 521 le·

1256 533 1327 581 gim
1334 547 1370 568 us
1383 533 1579 580 Hucpoldum
1586 537 1736 570 Comitem
1747 537 1873 572 Palatii
1884 564 1891 571 .
1904 536 2016 572 Char-

1259 593 1331 618 tam
1353 583 1440 618 hanc
1460 584 1579 619 laudat
1599 599 1738 634 quoque
1761 587 2014 635 Du-Cangius,

1259 643 1361 681 atque
1388 633 1472 669 hinc
1499 634 1662 680 deducit,
1700 649 1770 672 non
1798 636 1931 685 semper
1957 637 2016 673 da-

1257 694 1334 719 tum
1374 684 1580 721 Comitibus
1622 687 1751 723 Palatii
1793 687 2016 734 praestantio-

408 735 578 771 honorem
616 748 728 770 novae
764 734 972 783 dignitatis,
1009 735 1167 771 Ludovi-
1201 747 1228 781 Β
1258 748 1330 770 rem
1358 736 1474 771 locum
1504 735 1541 770 in
1571 736 1733 784 judiciis,
1762 752 1870 786 quum
1899 738 2015 774 eidem

406 798 488 820 curn
520 785 711 833 Augustum
741 784 818 820 filio
847 785 1004 829 Augusto
1041 785 1166 833 permi-

407 836 479 872 fisse
509 835 606 871 suum
635 835 672 871 in
702 836 805 871 Italia
834 837 987 870 Comitem
1012 836 1165 880 Palatii,

406 888 548 936 qualem
581 887 615 922 δε
651 885 724 935 ipse
759 886 797 922 in
835 886 983 923 Francia
1019 886 1055 922 id
1091 900 1183 922 mu-r

405 951 471 974 nus
499 946 719 974 exercentem
746 937 914 974 habebat.
951 940 1061 974 Anno
1090 951 1164 984 pro-

405 989 504 1025 xime
532 988 711 1037 sequenti,
740 987 805 1023 hoc
825 988 870 1023 est
895 990 1165 1025 DCCCXXIV.

405 1040 545 1076 sublato
573 1042 591 1075 ὲ
619 1039 714 1075 vivis
752 1041 913 1087 Suppone
945 1042 1043 1075 Duce
1079 1041 1160 1087 Spo-

404 1090 498 1133 leti,
534 1089 704 1136 insignem
732 1089 835 1124 illum
865 1092 1042 1126 Ducatum
1069 1089 1163 1125 idem

404 1139 628 1176 Adelhardus
656 1138 786 1175 Palatii
816 1141 947 1176 Comes
975 1140 1162 1189 regendum

1260 785 1397 821 Placito
1408 785 1588 834 praefuiffe
1604 800 1782 824 cernamus
1795 817 1804 832 ‚
1825 797 1906 824 ante
1917 791 2016 825 Huc-

1259 835 1402 883 poldurn
1445 836 1584 884 ipsum,
1626 839 1812 874 VVichodum
1850 839 2017 876 venerabi.

1255 887 1316 921 lem
1342 887 1528 934 Episcopum
1542 915 1553 932 ‚
1589 889 1632 922 (9¹
1665 891 1875 925 Aaelbertum
1910 891 2016 926 Comi-

1256 948 1317 972 tem
1343 938 1492 975 stabuli.
1522 940 1653 974 Verum
1674 953 1745 975 non
1766 940 1848 977 satis
1873 940 2015 977 firmum

1256 997 1499 1037 argumentum
1538 988 1606 1024 hoc
1642 991 1815 1039 appellare
1852 992 1941 1027 mihi
1971 992 2015 1027 li-

1255 1047 1352 1083 ceat,
1386 1039 1671 1087 quandoquidem
1699 1040 1737 1076 in
1766 1050 1933 1078 contextu
1961 1042 2015 1090 ip-

1255 1089 1318 1125 fius
1347 1090 1498 1133 Placiti,
1534 1091 1630 1138 quod
1664 1091 1709 1127 est
1745 1092 1787 1127 ad
1824 1092 2015 1129 aneiorita-

1254 1150 1324 1175 tem
1353 1139 1553 1188 judicandi,
1583 1141 1712 1189 primas
1732 1152 1846 1191 partes
1874 1143 2013 1180 sustine-

405 1191 578 1240 suscepit;
616 1189 672 1226 sed
701 1189 731 1225 is
762 1190 884 1225 eodem
913 1193 1022 1227 Anno
1052 1191 1164 1226 vitam
1192 1177 1288 1235 (3¹oe
1316 1192 1513 1237 Hucpoldum
1540 1191 1743 1228 intuemur.
1781 1193 1844 1228 Sed
1871 1195 1904 1228 ὅ(
1935 1196 2013 1229 lon-

404 1255 484 1279 cum
513 1250 627 1277 morte
655 1240 829 1276 mutavit.
857 1242 1023 1278 Exarsere
1051 1242 1161 1291 postea

401 1292 631 1330 exsecrabiles
669 1291 922 1327 controverfiae
962 1293 1055 1328 inter
1090 1295 1161 1329 Lu-

401 1344 569 1380 dovicum
600 1343 725 1387 Pium,
752 1344 787 1377 ὃ(
807 1342 1021 1379 Lotharium
1049 1343 1163 1378 fllium

400 1396 646 1445 perduellem:
691 1406 802 1442 eoque
841 1393 963 1430 saltem
1007 1403 1164 1443 tempore

400 1446 589 1482 credendus
616 1445 663 1481 est
689 1444 882 1481 Lotharius
909 1446 1070 1494 adlegisse
1097 1444 1159 1480 fibi

397 1497 437 1533 in
480 1497 584 1533 Italia
621 1496 719 1532 suum
757 1496 938 1545 proprium
975 1496 1158 1532 Comitem

398 1548 555 1584 Palatii.
583 1550 630 1583 Et
650 1547 792 1596 quidem
813 1549 923 1583 Anno
944 1549 1159 1584 DCCCXL.

397 1599 538 1635 Placito
568 1598 706 1634 cuidam
744 1598 782 1634 in
811 1598 974 1634 Civitate
1010 1598 1157 1635 Lucenfi

396 1649 520 1685 habito
557 1649 750 1684 interfuisse
780 1648 990 1696 deprehendi
1029 1650 1154 1685 Mauri·

395 1713 471 1734 num
498 1700 650 1734 Comitem
677 1699 803 1734 Palacii
819 1727 829 1743 ,
857 1709 896 1734 ut
916 1700 1050 1736 Charta
1079 1713 1153 1748 pru»

395 1749 536 1786 ferenda
573 1750 611 1786 in
655 1749 832 1785 Differtat.
872 1752 915 1786 X.
955 1754 995 1785 de
1035 1753 1158 1787 Minor.

385 1801 504 1846 Justit.
540 1801 687 1843 Ministr.
725 1800 928 1836 testabitur.
967 1804 1081 1838 Immo
1118 1803 1153 1837 ὃ(

392 1853 504 1887 Anno
532 1852 819 1887 DCCCXXXV.
840 1852 913 1900 ejus
939 1853 1074 1889 mentio
1096 1853 1152 1888 ha-

393 1902 495 1938 betur
522 1902 559 1938 in
590 1902 796 1951 Diplomate
826 1903 1051 1940 Cremonensi
1081 1904 1152 1951 eju-

390 1952 486 1989 sdem
513 1953 680 1990 Lotharii
705 1953 874 2002 Augusti.
905 1954 1068 1990 Fortaffis
1097 1955 1155 1990 hic

390 2017 464 2040 non
492 2004 582 2040 alius
610 2004 678 2040 fuit
700 2005 718 2039 a
739 2005 917 2051 Mauringo
935 2006 1058 2040 Comite
1078 2006 1153 2041 Bri-

391 2056 484 2100 xiae,
521 2068 626 2104 quem
664 2055 764 2104 supra
791 2055 947 2092 vidimus
974 2057 1017 2092 ab
1044 2058 1153 2106 Egin-

389 2105 500 2143 hardo
528 2114 783 2142 memoratum.

440 2159 518 2201 Jam
546 2160 630 2193 vero
658 2166 757 2193 extra
793 2157 1064 2194 controversiam
1093 2172 1152 2205 po-

390 2207 493 2245 fitum
522 2208 588 2253 est,
616 2208 676 2245 sub
704 2207 892 2245 Ludovico
923 2211 967 2245 11.
995 2209 1152 2257 Augusto

389 2258 558 2295 Lotharii
587 2259 664 2295 filio
701 2258 800 2295 fuiffe
837 2259 934 2294 suum
974 2259 1152 2308 proprium

389 2309 574 2345 Comitem
605 2310 734 2346 Palatii
775 2310 900 2345 Italico
930 2312 1076 2358 Regno.
1115 2310 1154 2346 Id

391 2360 523 2397 constat
550 2375 592 2397 ex
632 2360 769 2396 placito
804 2360 980 2408 spectante
1008 2361 1050 2396 ad
1078 2362 1151 2396 An-

391 2424 476 2447 num
506 2413 719 2447 DCCCLX.
742 2411 835 2460 quod
864 2412 1048 2460 evulgavit
1071 2413 1153 2447 Cla-

392 2461 467 2498 riss.
496 2461 730 2498 Mabillonius
758 2462 800 2498 de
830 2465 881 2498 Re
911 2462 1155 2511 Diplomatica

392 2513 477 2550 Lib.
515 2516 549 2550 6.
585 2511 708 2547 Chart.
749 2525 809 2560 93.
845 2514 879 2548 Sc
922 2527 987 2562 ego
1027 2514 1155 2549 iterum

391 2563 474 2601 dedi
499 2563 539 2601 in
567 2561 748 2601 chronico
784 2564 991 2603 Monasterii
1028 2564 1154 2602 casau-

1254 1255 1295 1290 ge
1322 1251 1402 1277 ante
1438 1241 1597 1277 eumdem
1629 1247 1774 1279 Annum
1811 1243 1931 1280 eadem
1959 1245 2012 1281 di-

1251 1292 1388 1340 gnitate
1416 1291 1594 1326 fruebatur
1621 1292 1714 1327 idem
1742 1296 1945 1342 liutpoldus,
1974 1309 2013 1332 u-

1253 1343 1282 1378 ti
1309 1341 1480 1377 constabit
1500 1356 1542 1378 ex
1575 1343 1712 1378 Placito
1733 1345 1833 1380 Anni
1863 1347 2013 1382 DCCC-

1251 1394 1331 1429 LII.
1369 1401 1429 1428 aut
1467 1395 1664 1429 DCCCLI.
1702 1393 1826 1430 habito
1864 1396 2013 1440 Ticini,

1250 1443 1345 1491 quod
1373 1444 1547 1492 evulgabo
1575 1444 1612 1480 in
1642 1444 1821 1481 Differ-tat.
1852 1448 1946 1481 XXI.
1976 1450 2014 1481 de

1252 1495 1388 1530 Placitis
1415 1496 1458 1529 Θ
1485 1496 1628 1531 Manis.
1668 1497 1701 1530 Is
1738 1496 1789 1532 ibi
1817 1499 2016 1546 appellatur

1251 1546 1437 1592 Hucpaldus
1452 1548 1560 1580 Comes
1578 1546 1671 1582 Sacri
1685 1548 1813 1582 Palatii
1823 1576 1831 1584 .
1857 1550 1895 1584 In
1915 1551 2014 1585 Prae-

1249 1596 1383 1632 fatione
1411 1596 1452 1632 ad
1481 1599 1689 1633 Ermoidum
1721 1598 1904 1648 Nigellum
1941 1600 2012 1648 jam

1248 1647 1438 1689 adnotavi,
1459 1647 1630 1697 ejusmodi
1650 1649 1796 1685 nomina
1815 1650 1905 1685 olim
1925 1650 2013 1687 duo-

1249 1699 1310 1734 bus
1355 1697 1468 1733 modis
1511 1698 1610 1735 fuiss‘e
1653 1700 1901 1746 pronuntiata,
1943 1701 2011 1739 hoc

1246 1749 1313 1791 est,
1350 1751 1384 1784 O
1411 1749 1448 1784 in
1477 1751 1512 1784 A
1541 1760 1767 1798 permutato,
1806 1751 1859 1787 uti
1886 1753 2012 1787 Amol-

1248 1803 1309 1835 dus
1329 1801 1523 1844 Amullius,
1545 1801 1757 1836 Ermenolaus
1776 1803 2011 1840 Ermenalaus.

1249 1851 1382 1887 Eodem
1412 1853 1521 1886 Anno
1553 1853 1772 1889 DCCCLH.
1800 1853 1956 1889 occurrit
1983 1854 2014 1890 i-

1248 1902 1326 1937 dem
1355 1901 1564 1951 Hucpoldus
1593 1902 1703 1939 titulo
1730 1905 1865 1939 Comitis
1886 1905 2013 1940 Palatii

1248 1952 1434 2002 insignitus
1470 1953 1560 2001 apud
1606 1953 1815 2004 Ughellium
1854 1956 1892 1991 in
1931 1957 2011 1994 Ital.

1250 2006 1339 2040 Sacr.
1377 2005 1485 2039 Tom.
1514 2016 1546 2051 3.
1585 2018 1660 2054 pag.
1696 2018 1755 2053 33.
1793 2006 1829 2042 id
1868 2006 2012 2044 testante

1249 2054 1381 2091 Charta
1414 2054 1594 2104 Rhodingi
1630 2056 1796 2105 Episcopi
1835 2058 2012 2095 Florenti.

1193 2113 1220 2146 E
1250 2105 1307 2150 ni,
1351 2104 1479 2153 scripta
1516 2108 1735 2155 temporibus
1771 2108 1937 2145 Lotharii
1974 2110 2009 2145 &

1249 2155 1429 2192 Ludovici
1470 2158 1516 2191 ΙΙ.
1557 2158 1820 2206 Augustorum,
1861 2159 1898 2194 in
1941 2173 2009 2208 qua

1249 2206 1472 2242 constituitur
1495 2207 1684 2244 Abbatiffa-
1700 2208 1905 2245 Monasterii
1927 2213 2010 2246 San-

1232 2257 1299 2322 'eti
1327 2257 1490 2293 Andreae
1521 2261 1622 2294 Berta
1657 2262 1725 2294 Deo
1758 2262 1899 2301 devota,
1929 2261 2012 2306 filia

1250 2309 1409 2355 Huepoldi
1437 2308 1537 2357 (lege
1565 2311 1746 2359 Hucpoldi)
1783 2312 1917 2346 Comitt‘s
1943 2316 2010 2348 Pa-

1248 2359 1341 2394 latii.
1381 2360 1529 2404 Ipsemet
1565 2361 1774 2405 Hucpoldus
1802 2362 2010 2399 celebratio.

1248 2409 1286 2444 ni
1327 2409 1588 2445 constitutionis
1630 2411 1730 2447 illius
1772 2412 1935 2449 interfuit
1972 2415 2008 2450 δε

1250 2459 1461 2509 subscripfit.
1488 2462 1611 2509 Atque
1631 2461 1710 2498 heic
1731 2463 1879 2500 minime
1899 2465 2008 2500 omit-

1249 2511 1415 2556 tendum,
1452 2511 1494 2547 ab
1530 2514 1724 2559 Anonymo
1761 2514 2007 2563 Epitomatore

1251 2562 1512 2599 Chronicorum
1547 2563 1781 2602 Calinenfium
1809 2565 1932 2614 (cujus
1959 2568 2010 2614 0,

1830 2615 1954 2666 puseu-
