2195 3032
483 195 516 248 a,
795 189 1183 249 ANTIQUJT.
1233 190 1384 234 MED
1400 190 1461 234 11
1501 188 1671 235 AEVI
1944 193 1970 234 a

1115 273 1343 315 ΣΒΑΣΑ

1124 352 1337 387 SUASA

725 418 1129 467 rPAIKoPssM
1172 425 1366 466 NATA
1405 422 1734 465 ΛΑΒΩΡΒΜ

729 501 1121 536 GRAECORUM
1183 502 1358 538 NATA
1417 500 1725 537 LABORUM

515 571 882 613 ΑΛΑΡΙ-ΙΚΒΣ
915 574 1149 615 ΟΜΠΒΣ
1181 576 1278 615 ΜΕ
1310 575 1614 615 ΠΕΡΔΕΡΕ
1645 570 1930 614 ΚΩΝΑΝΣ

539 649 859 685 ALARICUS

957 652 1129 686 ...PUS
1186 653 1271 687 ME
1326 651 1604 686 PERDERE
1661 649 1913 684 CONANS

495 719 639 759 TOT
671 722 1168 764 AAIAKENTIBM
1200 722 1631 765 ΟΠΠΗΔΩΡΒΜ
1662 719 1959 762 ΜΑΤΡΕΜ

500 796 625 833 TOT
678 799 1138 836 ADIACENTIUM

1225 801 1595 836 OPPIDORUM
1671 794 1946 834 MATREM

1071 873 1390 914 KPEABIT

1100 950 1380 985 CREAVIT

972 1020 1066 1063 ΤΩ
1108 1021 1248 1064 ΘΕΩ
1288 1018 1484 1064 ΔΟΞΑ

962 1098 1029 1134 hoc
1046 1099 1090 1134 est
1143 1102 1210 1134 Deo

424 1167 551 1204 Iisdem
572 1180 656 1205 vero
672 1196 681 1213 ,
704 1168 918 1218 proximisve
945 1169 1185 1217 temporibus,

422 1218 462 1253 in
489 1219 627 1254 Gallias
656 1233 794 1268 quoque
822 1220 954 1256 rabiem
981 1219 1073 1255 suam
1104 1234 1183 1255 exo-

421 1279 587 1305 nerarunt
617 1272 783 1315 Vandali,
820 1271 944 1315 Saevi,
982 1274 1034 1305 131
1023 1284 1114 1318 rgt
1096 1272 1180 1304 ni-do

422 1331 496 1361 nes,
524 1321 659 1364 Alani,
697 1321 740 1354 &⁶
767 1321 881 1355 Hmtt'zz
946 1321 1000 1356 Ibi
1029 1321 1183 1369 profecff’to

422 1367 441 1402 ὲ
472 1369 640 1404 Romanis
677 1384 747 1405 non
776 1384 845 1405 uno
875 1371 911 1405 in
940 1373 1020 1406 loco
1058 1385 1108 1406 res
1137 1371 1181 1406 fe·

419 1417 540 1453 liciter
567 1418 701 1466 gestae,
739 1420 921 1465 multaque
951 1421 1181 1454 Barbarorum

419 1467 538 1502 millia
575 1468 694 1502 caesa:
735 1468 847 1503 immo
875 1469 909 1502 δε
949 1468 1009 1516 ipsi
1040 1469 1181 1504 Barbari

420 1516 518 1552 inter
552 1516 585 1552 se
622 1516 821 1561 discordes,
863 1518 944 1553 dum
983 1518 1020 1553 in
1058 1518 1183 1554 alienis

421 1566 545 1615 spoliis
574 1567 821 1614 conquirendis
854 1567 1000 1614 quisque
1026 1568 1184 1603 intentus

420 1616 598 1653 sociorum
627 1631 711 1666 prog
692 1617 855 1654 oreffibus
883 1617 1046 1662 invidet,
1074 1619 1182 1654 variis
1208 1622 1234 1655 Β

420 1667 455 1703 se
484 1667 515 1703 se
543 1668 698 1704 invicem
728 1668 871 1717 proeliis
899 1668 1092 1704 attrivere.
1131 1671 1182 1704 At

419 1717 506 1753 haec
534 1718 682 1754 minime
719 1719 953 1762 obstiterunt,
993 1719 1182 1767 quominus

420 1769 536 1804 va1ias
583 1769 644 1805 fibi
690 1769 873 1805 subderent
918 1769 1077 1817 regiones
1095 1798 1105 1813 ‚
1148 1771 1180 1804 8<

420 1818 526 1866 usque
554 1819 592 1855 in
621 1819 835 1868 Hispanias,
873 1828 977 1867 atque
1006 1820 1042 1855 in
1072 1819 1180 1868 ipsam

420 1869 584 1905 Africam
614 1879 854 1917 penetrarent,
883 1870 943 1905 ubi
970 1869 1066 1906 suum
1095 1880 1180 1905 tam-

420 1919 500 1955 dem
528 1921 624 1954 Gothi
652 1922 685 1955 8<
716 1921 855 1956 Vandali
892 1920 1087 1956 stabilivere
1117 1921 1178 1956 im-

421 1970 584 2017 perium.
622 1972 739 2006 Tanta
767 1970 911 2018 praedae
947 1970 1099 2006 facilitas
1130 1971 1178 2006 in-

422 2020 488 2056 star
514 2021 617 2056 tubae
645 2020 738 2064 fuit,
767 2030 806 2055 ut
832 2034 930 2064 reor,
959 2035 1045 2068 quae
1073 2035 1184 2056 novos

423 2069 618 2106 identidem
640 2072 794 2118 Populos
811 2084 853 2106 ex
871 2072 1086 2119 Aquilonari
1108 2071 1183 2107 Cli-

422 2130 518 2155 mate
546 2121 584 2155 in
612 2121 885 2157 Meridionalem
923 2121 1101 2169 regionem
1129 2121 1183 2157 in-

422 2170 582 2206 vitabat.
610 2172 728 2215 Quare
753 2173 788 2207 &
809 2172 1048 2218 ⁸Anglosaxones
1074 2174 1183 2208 Anno

426 2222 694 2256 CCCCXLIX.
732 2223 750 2256 ὲ
789 2222 979 2257 Germania
1020 2236 1181 2271 magnam

425 2271 648 2307 Britanniam
687 2272 849 2320 ingressi,
885 2271 936 2308 sui
975 2273 1059 2321 juris
1096 2273 1181 2309 fece-

424 2331 528 2357 runt.
557 2323 702 2356 Saeculo
722 2335 860 2370 quoque
880 2322 1000 2358 eodem
1015 2351 1024 2366 ,
1052 2325 1085 2358 8<
1107 2323 1181 2359 sub-

425 2371 582 2420 sequenti
602 2371 698 2407 sexto
711 2401 720 2416 ‚
742 2374 881 2417 Franci,
897 2373 1080 2409 fortissima
1098 2377 1181 2410 Ger-

424 2435 609 2458 manorum
635 2422 756 2467 natio,
784 2422 1013 2471 irrumpentes
1034 2425 1071 2460 in
1099 2426 1182 2460 Gal-

423 2473 509 2509 liam
529 2501 537 2516 ,
576 2473 748 2522 integram
777 2473 896 2509 senfim
931 2474 1084 2523 eripuere
1113 2478 1179 2511 Ro-

426 2524 567 2571 manis,
603 2525 641 2570 ea
668 2524 777 2561 etiam
812 2532 909 2575 parte
945 2525 1081 2574 potiti,
1122 2526 1182 2564 ubi

1322 1099 1428 1146 gloria
1438 1125 1446 1132 .

1209 1171 1369 1205 Assantea
1398 1168 1661 1215 Burgundiones,
1689 1168 1722 1202 δί
1752 1165 1813 1214 ipsi
1841 1162 2027 1201 Germani-

1266 1233 1304 1255 ca
1331 1232 1440 1268 genS,
1477 1218 1558 1253 fixis
1586 1218 1716 1253 laribus
1753 1217 2024 1252 dominabatur.

1268 1271 1369 1305 [talia
1397 1282 1480 1304 vero
1508 1268 1579 1314 ipsa
1597 1294 1606 1312 ,
1641 1268 1859 1316 posteaquam
1887 1268 1928 1302 ab
1955 1268 2025 1300 At-

1263 1321 1324 1355 tila
1352 1318 1592 1368 potentiffimo
1612 1322 1798 1353 Hunnorum
1828 1321 1920 1367 Rege
1947 1318 2025 1352 An-

1263 1384 1308 1405 no
1345 1371 1561 1405 CCCCLII.
1590 1369 1717 1405 vastata
1754 1369 1892 1413 fuerat,
1929 1364 2025 1402 vidit

1264 1421 1412 1451 Romam
1449 1419 1562 1451 denuo
1600 1428 1698 1464 caapt
1703 1432 1763 1460 m,
1806 1433 1844 1453 ae
1881 1417 2027 1465 praedae

1262 1466 1379 1501 datam
1418 1467 1527 1500 Anno
1564 1467 1778 1502 CCCCLV.
1810 1468 1828 1502 ὲ
1865 1469 2025 1511 Genfierico

1265 1517 1477 1552 Vandalorum
1506 1518 1622 1565 Rege,
1651 1530 1803 1564 quocum
1832 1518 1943 1565 junfi'ti
1974 1519 2024 1553 A·

1263 1566 1368 1602 fricae
1397 1566 1546 1614 Populi,
1576 1566 1735 1602 miseram
1756 1567 1844 1603 hanc
1874 1568 2023 1605 Provin-

1264 1616 1352 1652 ciam
1381 1615 1488 1652 ferme
1516 1625 1628 1651 totam
1657 1617 1851 1663 incendiis,
1881 1633 1918 1654 ac
1948 1632 2024 1654 cae-

1263 1667 1362 1702 dibus
1391 1666 1653 1714 implemerunt
1690 1667 1816 1703 Dirum
1846 1668 1923 1704 sane
1952 1668 2025 1716 spe-

1262 1717 1459 1760 Etaculum,
1488 1717 1619 1752 intueri
1646 1726 1764 1764 gentes
1787 1728 1857 1754 ram
1888 1719 2023 1763 varias,

1264 1767 1431 1815 simulque
1451 1780 1571 1802 omnes
1592 1767 1732 1810 efferas,
1763 1769 1916 1816 undique
1937 1783 2021 1804 con-

1264 1817 1368 1854 fluere
1405 1817 1442 1853 in
1480 1817 1631 1853 Romani
1673 1818 1816 1866 Imperii
1853 1819 2022 1865 ruinam,

1266 1867 1441 1915 Uibesque
1470 1867 1542 1903 solo
1571 1877 1759 1915 aequatas,
1800 1882 1899 1918 agros
1927 1847 2024 1906 deso:

1264 1920 1381 1962 latos,
1418 1920 1451 1953 8<
1480 1928 1539 1954 aut
1567 1917 1687 1962 caesa,
1717 1928 1776 1954 aut
1805 1922 1841 1954 in
1871 1920 2023 1968 captivi-

1264 1978 1371 2004 tatem
1394 1969 1540 2004 abduEta
1561 1978 1616 2004 tot
1641 1968 1918 2005 Christianorum
1941 1970 2023 2006 mil-

1264 2021 1337 2055 lia.
1358 2022 1450 2053 Nos
1487 2018 1589 2052 facile
1629 2017 1805 2053 interdum
1843 2020 2024 2066 querimur

1265 2083 1302 2104 ac
1329 2068 1509 2111 dolemus,
1537 2066 1628 2114 quasi
1658 2067 1780 2103 nostris
1804 2071 2024 2115 temporibus

1264 2119 1402 2154 fortuna
1430 2117 1569 2153 adversa
1589 2130 1768 2152 aerumnas
1796 2125 1933 2153 tantum
1961 2132 2021 2167 pa-

1264 2170 1375 2213 rarit,
1411 2170 1445 2203 &
1480 2167 1635 2215 antiquis
1670 2166 1747 2202 suos
1774 2167 1846 2203 dies
1882 2168 2021 2205 invide-

1264 2234 1363 2256 mus.
1405 2219 1533 2268 Digito
1568 2218 1682 2253 statim
1721 2216 1813 2253 labia
1850 2231 2021 2265 premere

1264 2285 1361 2315 mus,
1390 2270 1581 2318 meliusque
1601 2269 1642 2304 de
1669 2276 1781 2303 aetate
1807 2268 1916 2304 nostra
1941 2272 2020 2318 qui-

1264 2322 1343 2371 sque
1371 2321 1540 2366 sentiret,
1569 2319 1628 2355 ubi
1649 2332 1711 2354 nos
1735 2318 1891 2354 Historia
1917 2319 2020 2356 doce-

1263 2383 1340 2417 ret,
1380 2372 1506 2421 quibus
1541 2371 1630 2406 olim
1673 2369 1913 2405 calamitatum
1954 2369 2021 2409 flu

1262 2424 1376 2459 &tibus
1412 2422 1542 2459 fuerint
1577 2421 1641 2456 hae
1675 2419 1768 2468 ipsae
1804 2421 1940 2464 Urbes,
1975 2435 2018 2458 ae

1263 2474 1472 2510 Provinciae
1508 2472 1685 2521 agitatae,
1725 2470 1763 2505 in
1804 2469 1902 2517 queis
1942 2479 2017 2508 tam

1261 2524 1426 2574 queruli,
1462 2532 1567 2573 atque
1603 2520 1758 2572 inquiet}
1792 2533 1885 2559 nunc
1919 2518 2018 2566 vivia

1261 2588 1364 2612 mus·
