2195 3032
189 235 268 276 145

124 292 192 328 que
222 281 405 327 Procex-es5
442 289 522 312 nam
550 275 700 323 piiffima
728 275 801 323 ejus
830 276 878 310 A·
908 276 942 311 A

124 330 185 365 via
208 330 349 365 Adelais
374 326 519 375 Augusta
547 326 671 361 Ticini
693 336 776 361 tunc
797 339 878 361 con-

125 379 258 423 sistens,
287 379 425 427 negotia
453 377 550 411 illius
578 377 814 425 procurabat;
843 377 877 411 &

125 432 285 466 Veronae
325 432 430 464 Anno
474 429 560 474 983.
603 426 718 462 italici
765 426 878 475 Regni

124 481 284 516 Comitia
327 477 476 512 habuit.
528 479 707 513 Praeterea
751 477 879 521 Johan-

123 544 184 566 nes
218 527 509 575 Archiepiscopus
548 530 751 572 Ravennas,
789 541 877 563 unus

126 595 168 616 ex
213 579 345 614 ltahcis
393 578 614 625 Principibus
635 607 646 623 ,
686 592 753 614 una
798 591 877 614 cum

123 628 302 676 Willigiso
325 628 598 675 Archiepis'copo
630 629 848 677 Moguntino
865 655 875 671 ‚

122 680 233 727 ipsum
271 677 482 725 Aquisgrani
522 679 559 713 in
599 682 728 725 Regem
774 680 872 714 inun-

122 729 176 764 xit
199 757 208 771 ‚
244 730 277 763 δι
315 729 499 763 coronavit
520 756 530 771 ,
568 731 619 763 uti
650 730 751 765 fidem
791 729 876 764 facit
893 725 934 763 ,Β
949 742 950 745 ’
968 741 1050 760 mum
1069 755 1078 770 ,

121 778 324 814 Chronicon
373 778 704 814 Hildes’ncimenie.
749 779 873 814 Postre-

121 841 216 864 mum
245 829 337 863 diem
369 828 462 863 obiit
489 831 579 864 Otto
610 831 672 864 ΙΙΙ.
702 828 769 864 fine
800 843 874 874 pro-

121 880 154 914 le
190 881 297 914 Anno
336 880 424 913 MtI.
462 878 521 914 sub
559 893 630 924 quo
665 879 754 926 apud
792 881 876 914 Eru-

120 929 213 964 ditos
242 929 309 976 jam
338 928 514 964 firmatum
544 929 611 973 est,
646 931 793 965 minime
821 930 873 965 in·

121 979 277 1014 stitutum
315 978 412 1014 fuisse
439 981 644 1028 Collegium
681 981 873 1028 Septemvi-

120 1030 191 1065 tale
229 1029 427 1065 Elee'mrum
468 1031 637 1078 anerii,
683 1041 721 1066 ut
759 1031 872 1078 proxi-

121 1093 177 1114 me
206 1080 401 1128 praeteritis
429 1081 580 1116 Saeculis
607 1082 714 1129 vulgo
739 1093 873 1129 reputa-

121 1139 196 1164 tum
225 1130 288 1165 est.
325 1132 459 1166 Ottone
485 1144 568 1179 ergo
605 1131 686 1166 fatis
723 1131 873 1176 suffio,

119 1179 212 1215 inter
242 1181 383 1216 Italicos
412 1181 590 1229 Principes
617 1182 737 1217 eodem
769 1185 875 1218 Anno
907 1181 936 1215 C

118 1232 209 1265 ΜΠ.
244 1231 366 1279 ingens
393 1232 592 1267 animorum
622 1233 806 1268 contentio
834 1247 873 1268 ac

120 1279 245 1316 divisio
271 1280 408 1317 emersit
444 1282 485 1317 de
515 1283 708 1318 Successore
743 1285 871 1332 eligen-

120 1330 186 1366 do.
226 1333 304 1367 Pars
332 1346 400 1367 una
436 1331 496 1367 fibi
534 1335 722 1367 Arduinnm
758 1337 871 1379 Epore-

118 1382 189 1415 diae
209 1382 422 1415 Marchivnem
442 1382 628 1427 praefecit,
657 1384 765 1418 altera
789 1387 872 1417 Hen-

122 1430 217 1464 riaem
237 1433 277 1465 II.
300 1433 510 1466 Germaniae
533 1435 684 1480 Regem,
706 1432 767 1479 qui
789 1435 874 1468 Cae-

121 1480 225 1515 litum
255 1480 366 1528 postea
401 1482 482 1516 albo
514 1481 701 1524 inscriptus
728 1482 791 1517 est.
830 1485 873 1517 Il-

120 1530 179 1566 lud
207 1533 427 1578 exploratum
466 1532 651 1573 habemus,
689 1543 875 1580 utrumque

121 1593 190 1615 non
219 1580 280 1615 nisi
316 1595 375 1629 per
410 1581 630 1616 Eieffionem
670 1584 873 1617 Italicorum

122 1630 323 1678 Principum
345 1658 356 1673 ‚
399 1631 512 1671 Regni
550 1632 652 1679 hujus
688 1632 797 1666 titulo
835 1646 872 1667 ac
907 1627 938 1660 D

119 1679 255 1715 ditione
281 1680 420 1715 auEium
459 1679 575 1716 fuisse.
617 1681 710 1717 Audi
742 1684 867 1717 Arnul-

119 1730 224 1774 phum
254 1730 553 1766 Mediolanensem
579 1731 729 1779 ejusdem
752 1735 870 1768 Saecu-

119 1780 146 1815 li
175 1779 388 1816 Historicum
410 1780 445 1816 in
468 1783 671 1826 Chronico,
698 1783 792 1830 quod
814 1783 869 1818 ha-

120 1830 176 1866 bes
204 1833 322 1866 Tomo
352 1833 412 1866 IV.
440 1834 520 1867 Rer.
551 1833 701 1867 Italicar.
731 1834 814 1869 Lib.
844 1836 869 1869 I.

118 1883 204 1928 Cap.
238 1893 293 1917 12.
321 1885 411 1916 Tunc
435 1883 603 1916 Ardoinus
631 1884 781 1929 quidam,
819 1898 867 1918 no-

117 1932 195 1967 bilis
221 1933 430 1979 Hipporeqiae
453 1933 619 1976 Mmchio,
645 1936 667 1967 a
692 1936 868 1980 Langobar-

115 1983 169 2016 dis
194 1984 315 2028 Papiae
341 1983 508 2026 Eligitur,
536 1983 580 2017 &⁶
604 1995 732 2018 vocatus
758 1985 873 2029 Caesar

116 2032 222 2078 (vide
251 2032 422 2067 insuetam
439 2033 594 2068 nominis
612 2033 870 2082 usurpationem

115 2082 154 2119 in
183 2082 317 2118 Italicis
342 2084 480 2118 tantum
511 2085 688 2132 Regibus)
715 2087 756 2119 ab
773 2089 865 2120 omni·
902 2077 930 2109 E

116 2135 173 2169 bus
184 2162 193 2177 ‚
212 2138 357 2179 Regnum
368 2136 566 2180 perambulat
582 2135 761 2179 universum
774 2163 781 2170 .
801 2137 870 2171 Ad-

115 2183 168 2219 dit
195 2183 339 2219 subinde
367 2186 453 2231 Cap.
484 2196 540 2228 14.
570 2185 765 2222 Henricum
786 2189 864 2222 Ger-

116 2234 252 2269 maniae
281 2237 433 2283 Regem,
461 2234 650 2282 profligato
679 2237 841 2273 Arduino
859 2265 870 2281 ,

117 2284 256 2319 Italiam
284 2284 490 2333 ingressum.
522 2285 579 2321 ubi
602 2291 674 2320 Rex
691 2287 803 2329 statim
824 2291 869 2322 Ε-

116 2334 232 2377 leHu-s,
254 2335 368 2381 suoque
390 2336 457 2382 post
475 2347 606 2383 tempore
626 2341 789 2372 Romanus
809 2341 869 2373 Im-

114 2395 238 2431 perator
252 2386 376 2423 effeflus
394 2387 454 2429 est.
475 2387 705 2435 Landulphus
727 2389 869 2433 Senior,

115 2433 311 2470 Historicus
341 2435 436 2484 supra
465 2448 697 2478 memoratus,
726 2440 759 2473 &
798 2438 869 2482 ipse

115 2484 408 2529 Mediolanenfis,
435 2488 469 2522 8<
493 2488 669 2535 Arnulphi
691 2489 845 2535 aequalis
860 2517 870 2533 ,

114 2534 197 2571 Lib.
226 2536 268 2568 11.
293 2534 466 2572 H³storiae
486 2537 640 2586 scripsit,
667 2539 868 2576 Arduinum

189 2616 192 2619 Α
217 2588 302 2620 Tom.
329 2587 357 2620 I.

493 214 1004 262 DJs'SERTATJO
1061 213 1359 257 TERTIA.

894 367 899 452 Ι

1595 221 1676 268 146

952 279 956 349 ι
968 274 1079 320 paucis
1105 273 1365 319 consentientibus
1395 273 1510 308 Italiae
1537 271 1730 307 Primatibus

973 324 1152 372 occupasse
1194 326 1354 373 Regnum
1398 323 1522 359 Italiae
1544 350 1553 358 .
1596 319 1733 358 Deinde

973 377 1056 409 vero
1072 374 1277 423 Arnulphus
1291 373 1562 411 Mediolanenfis
1580 373 1730 408 Archie-

973 424 1132 473 piscopus
1160 426 1192 459 in
1224 426 1402 460 Ronchalia
1437 438 1503 459 cum
1531 425 1672 458 omnibus
1698 426 1730 459 I-

971 476 1072 510 taliae
1097 476 1293 510 Primatibus
1319 476 1505 523 colloquium
1524 475 1668 519 statuit,
1695 487 1732 509 u-

971 527 1005 560 bi
1031 539 1124 572 quum
1150 526 1278 570 diversa
1304 529 1343 560 de
1371 527 1482 573 Regni
1507 527 1640 573 negotiis
1667 537 1733 560 tra-

970 575 1119 623 C‘laffent,
1156 577 1304 611 Arduini
1324 577 1430 623 spreto
1455 577 1613 620 dominio,
1651 576 1731 622 quod

969 631 1032 661 mal
1038 628 1062 660 is
1072 627 1194 661 artibus
1205 627 1411 673 usurpaverat
1423 656 1432 671 ,
1445 629 1614 662 Hemicum
1625 630 1728 664 Theu-

968 678 1102 710 tonicam
1122 677 1256 721 scientia
1282 677 1453 720 illustrem,
1480 681 1578 712 armis
1597 681 1728 725 fortijfi-

1120 727 1316 773 militzsmque
1356 729 1450 773 copiis
1488 730 1727 773 ahmzdantem,

969 792 1003 811 ac
1021 778 1156 810 divitiis
1175 778 1359 822 affluentem
1372 805 1381 821 ,
1403 778 1532 824 Elegit.
1558 782 1729 817 Omnium

969 837 1086 862 tamen
1123 827 1212 862 hanc
1244 827 1282 862 in
1310 840 1384 863 rem
1422 828 1730 876 praestantiffimus

968 877 1124 925 Scriptor
1151 877 1292 912 accedat
1320 878 1506 913 Ditmarus
1537 880 1728 929 Episcopus

968 927 1285 976 Merseburgenfis,
1322 928 1384 975 qui
1421 928 1493 976 post
1529 942 1726 967 enarratum

969 978 1080 1014 Libro
1110 981 1171 1013 lV.
1199 978 1374 1014 Chronici
1410 979 1598 1027 ingressum
1632 983 1728 1017 Hen-

966 1028 1031 1064 rici
1060 1028 1097 1064 in
1127 1028 1289 1071 Italiam,
1318 1028 1402 1064 haec
1427 1029 1469 1064 de
1497 1030 1562 1065 illo
1588 1031 1725 1068 subdit:

967 1078 1038 1120 Poll
1065 1081 1137 1113 haec
1172 1080 1308 1126 Papiam
1341 1080 1481 1120 visttans
1518 1083 1651 1127 Urbem,
1688 1086 1728 1119 ab

967 1130 1213 1171 Archiantistite
1240 1128 1333 1176 (hoc
1361 1130 1405 1165 est
1433 1131 1452 1165 a
1480 1132 1728 1169 Mediolanen-

965 1179 987 1214 fi
1016 1179 1321 1228 Archiepiscopo)
1351 1181 1394 1214 &⁶
1428 1184 1450 1215 ἃ
1482 1183 1602 1216 Primis
1638 1185 1728 1219 illius

967 1231 1100 1277 regionis
1120 1230 1300 1278 susceptus,
1327 1245 1395 1265 cum
1418 1233 1607 1267 admirabili
1633 1237 1728 1269 laude

968 1283 1010 1314 ad
1038 1281 1206 1322 Ecclesiam
1233 1282 1384 1325 ducitur,
1423 1283 1466 1315 (J
1491 1285 1645 1317 communi
1681 1289 1729 1319 E.

966 1331 1094 1365 leffione
1128 1332 1339 1376 sublimatus,
1381 1332 1413 1366 in
1446 1333 1561 1377 solium
1605 1337 1729 1381 Regale

966 1384 1148 1416 collocatur.
1187 1382 1316 1416 Eadem
1345 1382 1438 1430 legas
1475 1383 1512 1417 in
1541 1383 1726 1420 Chronico

969 1431 1064 1466 brevi
1096 1432 1230 1478 Regum
1262 1431 1386 1467 Italiae
1413 1433 1432 1467 ὲ
1461 1445 1516 1468 me
1543 1434 1642 1469 edito
1671 1435 1724 1471 his

970 1480 1103 1516 verbis:
1134 1483 1170 1515 In
1197 1482 1248 1515 die
1275 1482 1439 1516 Dominico
1456 1511 1466 1526 ‚
1503 1485 1559 1530 qui
1579 1485 1649 1528 fnit
1674 1488 1726 1520 die

968 1533 1025 1565 XI.
1053 1531 1164 1569 mensis
1188 1533 1322 1575 Madii,
1351 1532 1433 1565 inter
1451 1534 1623 1573 Basilicam
1643 1539 1727 1569 San.

966 1579 1009 1613 eli
1036 1581 1212 1623 Nltchae'li,
1241 1594 1319 1626 quae
1345 1582 1464 1615 dicitur
1485 1583 1634 1628 Mujore,
1658 1585 1725 1628 fuit

968 1630 1094 1663 Eleflus
1131 1631 1308 1673 Henricus,
1345 1632 1389 1664 (Υ
1423 1644 1584 1667 coronatus
1620 1636 1652 1668 in
1675 1636 1725 1680 se-

964 1681 1061 1714 cundo
1086 1680 1157 1714 die.
1186 1680 1343 1716 Chorum
1369 1682 1507 1718 claudat
1533 1685 1726 1731 Diploma,

966 1729 1057 1778 quod
1080 1732 1165 1778 Cap.
1180 1733 1277 1766 Xssl.
1292 1732 1514 1779 Antiquitat.
1537 1734 1724 1772 Essenfium

967 1781 1125 1827 protuli,
1160 1782 1180 1816 ὲ
1207 1781 1405 1818 Ticinenfis
1442 1783 1622 1833 Episcopii
1652 1788 1724 1822 Ta-

965 1831 1101 1866 bulario
1128 1831 1350 1879 depromtum
1368 1860 1378 1876 ,
1415 1834 1475 1868 ubi
1504 1834 1596 1870 idem
1625 1838 1723 1872 Hen-

965 1882 1055 1916 ricus
1089 1882 1264 1929 Augustus
1301 1885 1409 1917 Anno
1445 1885 1589 1920 MXIV.
1626 1889 1724 1922 Mar.

964 1933 1096 1966 .-hionem
1137 1934 1282 1967 Obertum
1323 1932 1501 1970 Atestinae
1548 1936 1721 1974 Familiae

963 1992 1227 2031 propagatorem
1258 1983 1508 2031 perduellionis
1545 1985 1718 2024 damnasse

963 2047 1028 2069 una
1056 2047 1134 2069 cum
1173 2034 1246 2081 ejus
1283 2034 1387 2069 Filiis
1416 2048 1455 2070 ac
1484 2037 1624 2084 Nepote
1651 2042 1719 2073 Al.

961 2086 1043 2118 berto
1069 2084 1226 2132 legitur,
1254 2085 1346 2132 quod
1375 2084 1436 2133 ipfi
1466 2099 1527 2133 pro
1555 2088 1720 2124 Arduino

963 2134 1074 2170 rursus
1103 2135 1193 2169 bella
1232 2135 1415 2183 gesserint,
1452 2136 1610 2183 postquam
1639 2139 1719 2184 (ita

964 2185 992 2220 is
1020 2185 1122 2232 ait,)
1160 2198 1214 2219 nos
1241 2186 1274 2220 in
1302 2200 1401 2233 regem
1429 2187 1472 2220 <9³
1500 2189 1722 2235 Imperatorem

964 2237 1160 2281 Elegerunt.

1012 2287 1132 2333 Atque
1161 2286 1326 2322 hafflenus
1346 2288 1460 2335 palam
1481 2287 1650 2333 fecimus,
1678 2291 1721 2327 ad

961 2349 999 2371 ea
1027 2336 1132 2383 usque
1169 2346 1326 2384 tempora
1363 2337 1504 2374 firmum
1542 2340 1721 2388 perstitisse

961 2386 997 2421 in
1036 2386 1172 2422 Italicis
1210 2387 1434 2432 Principibus
1473 2389 1529 2438 jus
1566 2391 1723 2439 eligendi

960 2435 1020 2472 fibi
1061 2439 1213 2486 Regem,
1251 2438 1523 2487 legitimumque
1561 2441 1650 2477 illud
1688 2456 1724 2478 a.

961 2487 1099 2536 gnitum
1128 2487 1226 2523 fuiffe
1252 2489 1294 2524 ab
1323 2490 1480 2525 Henrico
1505 2491 1613 2526 etiam
1645 2493 1722 2528 Pri-

959 2551 1018 2574 mo
1045 2538 1139 2574 inter
1165 2539 1358 2588 Augustos.
1395 2540 1501 2587 Quod
1530 2551 1646 2578 tamen
1675 2555 1718 2578 eo

1065 2590 1100 2625 Κ
1599 2600 1602 2601 ’
1626 2591 1666 2627 in
