2195 3032
511 232 590 282 167
802 220 1191 278 ANTJOUJT.

446 286 508 335 pio
546 295 583 319 ut
621 282 735 318 filium
771 280 973 316 Ecclesiae.

445 351 513 370 eum
534 336 594 379 sab
622 336 764 375 Mznto,
801 332 844 365 <9¹
883 332 938 364 ille
973 330 1126 387 osculatur
1149 342 1201 377 pe-

444 386 513 420 etus
540 384 670 419 Domini
696 387 833 428 Papae‚·
859 382 902 414 (9¹
927 381 1040 428 accipit
1064 394 1132 415 eum
1148 392 1203 427 per

443 438 602 471 dexteram
629 447 756 467 manum
771 460 781 476 ‚
819 434 862 465 (9¹
888 432 1104 466 Cancellarius
1135 432 1203 477 ejus

437 487 594 531 fiqlentat
630 497 696 517 eum
731 485 752 516 ιὶ
780 481 930 524 sinistra.
967 481 1097 516 Ele-&us
1130 486 1203 517 vero

441 539 566 571 dueatur
597 546 653 581 per
684 535 841 568 dexteram
867 534 910 568 ad
935 533 1203 568 archidiaconum

442 586 575 622 Domini
602 589 741 631 Papae‚·
776 585 819 617 (Ὺ
838 583 885 624 sic
911 584 1011 618 intrat
1043 594 1100 630 per
1131 595 1203 630 por·

441 647 508 671 tam
527 650 648 670 aeream
660 663 669 677 ‚
686 635 815 674 Clericis
834 635 919 669 beati
934 634 1024 668 Petri
1042 645 1195 669 cantanti·
1236 645 1239 647 ·

440 689 493 721 bus
507 700 521 719 .·
539 685 746 721 ss÷nedi5³cus
769 685 942 720 Dominus
964 687 1057 720 Deus
1078 684 1201 728 Israel,

440 737 534 783 usque
561 746 602 772 ad
629 748 749 781 portam
772 736 1004 781 argentariam.
1025 736 1075 770 Ibi
1093 737 1188 769 dimit

440 790 484 821 tit
511 801 578 821 eum
606 787 762 821 Dominus
788 790 879 831 Papa
915 797 1052 820 orantem
1068 813 1078 829 ,
1115 799 1201 832 quem

440 839 525 872 lento
553 838 745 883 subsequitur
766 838 873 883 gradu
899 838 1029 881 Regina
1060 850 1127 871 cum
1147 837 1187 882 su

436 889 594 935 prasliriis
620 887 799 922 dufforibus
819 887 889 931 suis
915 887 1006 934 usque
1027 889 1069 922 ad
1086 887 1194 935 supra>

440 939 559 973 eliciam
583 950 706 985 portam
733 950 931 985 argenteam.
972 937 1103 972 Elefius
1128 943 1200 973 vcro

440 995 589 1035 contpltta
617 990 762 1024 Oratione
791 989 923 1035 surgit,
961 989 1004 1023 θ’
1030 989 1200 1036 Episcopus

440 1040 637 1080 „fibanensis
663 1047 720 1074 dat
739 1039 834 1086 super
869 1053 936 1072 eunt
962 1043 1042 1074 hant·
1063 1041 1200 1086 primam

439 1092 642 1124 Orationem:
675 1092 789 1134 Deus,
817 1089 854 1124 in
884 1090 980 1136 cujus
1002 1103 1106 1126 manu
1127 1104 1195 1125 cor-

441 1140 484 1175 da
523 1141 599 1176 sunt
639 1143 798 1189 Regum,
836 1140 970 1175 inclina
1007 1140 1048 1176 ad
1087 1155 1200 1189 preces

439 1190 657 1226 humilitatis
696 1190 825 1226 nostrae
867 1204 963 1226 aures
1006 1191 1194 1227 misericor-

440 1240 518 1276 diae
548 1251 652 1285 tuae,
680 1243 713 1276 &
745 1241 902 1289 Principi
931 1241 1043 1276 nostro
1068 1242 1200 1278 famulo

439 1299 504 1325 tuo
534 1294 579 1326 N.
608 1293 761 1339 tegimen
791 1301 869 1326 tuae
898 1305 1032 1340 appone
1068 1292 1195 1338 sapien

438 1340 534 1385 tiae,
557 1351 594 1376 ut
616 1341 741 1376 haustis
762 1341 803 1376 de
825 1352 886 1376 tuo
907 1342 1004 1377 fonte
1024 1343 1177 1378 confiliis
1191 1372 1199 1387 ,

440 1391 511 1426 tibi
541 1393 696 1439 placeat,
734 1393 768 1426 &
797 1391 896 1435 super
930 1392 1051 1427 omnia
1081 1395 1199 1440 Regna

441 1444 649 1490 praecellat.
680 1444 744 1476 Per
770 1443 837 1476 &c.

493 1493 564 1534 Post
592 1494 748 1527 Dora-inus
773 1496 866 1539 Papa
893 1493 1070 1540 ingreditur
1096 1494 1188 1528 Eccle

434 1542 519 1585 fiam
548 1544 631 1578 beati
656 1543 764 1586 Petri,
801 1543 933 1577 Clericis
967 1543 1103 1588 ejusdem
1140 1547 1197 1578 Ec-

442 1593 550 1633 clefiae
586 1593 787 1628 cantantibus
824 1594 1064 1639 responsorium:
1102 1596 1201 1629 Petre

441 1657 535 1679 amas
564 1643 641 1678 me?
672 1648 743 1690 Quo
769 1645 933 1689 completo,
955 1645 1111 1678 Dominus
1137 1648 1196 1678 Pa-

438 1705 483 1741 pa
507 1695 677 1729 benedicit.
716 1694 840 1727 Deinde
863 1694 949 1737 sedet
977 1695 1009 1728 in
1037 1696 1116 1728 Sede
1138 1695 1201 1735 sibi

437 1756 630 1792 praeparata
656 1746 688 1778 in
715 1749 842 1778 dextera
864 1755 957 1790 parte
992 1744 1127 1789 ejusaem
1154 1759 1195 1778 ro-

439 1805 508 1829 tae.
537 1796 700 1841 Completa
726 1795 873 1828 Oratione
893 1795 1090 1832 „Albanenffs
1118 1796 1185 1842 Epi

433 1845 521 1891 scopi
557 1847 734 1891 ingreditur
770 1845 926 1888 Elegia,
969 1846 1011 1878 Θ·
1044 1846 1130 1889 sedet
1166 1846 1197 1880 in

435 1895 600 1942 praediHa
634 1897 714 1930 Sede
731 1924 740 1938 ‚
779 1896 1058 1942 Ahhipresbytero
1084 1897 1197 1930 Cardi-

439 1946 561 1980 nalium
589 1951 632 1980 &¹
657 1945 892 1981 Archidiacono
925 1947 998 1980 hinc
1034 1948 1107 1981 inde
1133 1960 1200 1981 eum

439 1997 644 2041 ducentibus,
675 1998 718 2031 <9¹
741 1997 836 2041 juxta
863 2011 930 2030 eum
950 1997 1145 2040 sedentibus,
1165 2008 1199 2031 ut

438 2048 567 2082 doceant
602 2048 739 2094 qualiter
772 2048 882 2081 debeat
919 2049 1053 2081 Domino
1092 2051 1200 2094 Papae

440 2097 475 2131 in
512 2098 658 2139 scrutinio
694 2098 889 2145 respondere.
926 2100 1084 2132 Dommus
1111 2101 1200 2144 Papa

436 2147 517 2191 facit
537 2149 727 2193 strittinittrn
754 2149 786 2183 in
813 2153 894 2182 hunc
912 2151 1053 2183 modum.
1075 2152 1199 2194 Septem

439 2199 603 2245 Episcopis
625 2200 805 2244 sedentibus
839 2199 882 2233 ad
916 2200 1073 2233 dexteram
1109 2199 1198 2243 eius,

433 2248 606 2292 secundum
632 2251 771 2284 ordinem
790 2250 904 2294 fimm,
931 2250 1078 2296 Episcopi
1097 2250 1191 2283 Theti>

439 2299 535 2333 tonici
559 2300 684 2343 sedeant
710 2303 753 2335 ad
777 2302 935 2335 dexteram
962 2300 1088 2344 Elati,
1120 2303 1193 2334 Car⁴

440 2350 565 2384 dinales
601 2352 644 2384 (9⁶
671 2352 761 2385 ceteri
796 2351 929 2385 Ordines
964 2351 1119 2392 Ecclesiae
1149 2350 1197 2395 se-

440 2401 564 2434 deant.
593 2402 746 2435 Dominus
772 2406 864 2449 Papa
889 2402 967 2436 dicit
981 2415 995 2435 .·
1036 2402 1198 2449 Antiqua

442 2449 647 2486 Saffiorum
687 2454 828 2488 Patrum
875 2452 1051 2489 institutio
1096 2453 1198 2488 docet

442 2499 477 2534 ὃ(
507 2501 697 2549 praecipit,
726 2514 764 2538 ut
791 2502 948 2551 quisquis
969 2504 1135 2552 eligitur,
1161 2510 1200 2537 ut

439 2551 588 2598 praeeffe
614 2552 758 2601 debeat,
795 2562 896 2592 antea
931 2553 1197 2606 diligentiffime

1251 219 1481 262 MEDII
1536 221 1708 265 AEVI
1914 229 1992 270 168

1016 283 1063 314 Et
1103 280 1267 318 mittitlA
1292 280 1513 316 examinetur
1540 295 1619 317 cum
1646 280 1746 317 omni
1775 281 1920 319 caritate
1945 288 1986 320 de
2012 284 2052 320 fi-

1294 330 1335 365 de
1361 330 1506 367 Sanbta'e
1533 332 1752 368 Trinitatis.
1791 334 1825 368 &
1861 333 2053 384 interroge-

1296 391 1352 416 tur
1378 380 1420 416 de
1456 382 1596 418 dive111s
1634 383 1738 419 caufis
1775 384 1830 418 vel
1867 386 2052 430 moribus,

1296 431 1357 478 qui
1385 431 1445 467 suo
1472 433 1639 481 regimini
1677 443 1899 481 congruunt,
1936 434 2054 470 secun-

1296 484 1378 516 uum
1414 483 1658 531 Apostolicum
1701 485 1865 520 datum:
1912 489 2053 520 Manum

1294 532 1354 565 cito
1381 534 1498 567 nemini
1525 534 1719 581 imposueris.
1747 539 1792 572 Et
1813 546 1851 572 ut
1871 536 1977 571 etiam
1999 537 2051 581 is,

1298 583 1358 628 qui
1385 582 1597 619 ordinandus
1625 585 1669 620 est
1687 614 1697 629 ,
1725 596 1825 622 antea
1853 587 2052 631 erudiatur,

1300 631 1451 677 qualiter
1478 647 1556 669 eum
1585 635 1621 670 in
1650 649 1688 671 ea
1717 638 1932 685 praelatione
1973 650 2056 672 con-

1299 682 1456 717 stitutum
1484 695 1645 732 oporteat
1672 687 1890 731 conversari,
1930 697 1967 723 ut
1994 701 2054 723 ex-

1300 732 1466 769 cusabiles
1503 735 1594 780 fint‚
1631 738 1692 785 qui
1720 738 1754 773 ei
1781 751 1903 773 manus
1940 738 2055 786 impo-

1242 778 1267 810 Β
1300 793 1411 819 nunt.
1449 785 1580 821 Eadem
1616 786 1736 835 itaque
1772 788 1981 824 augtoritate
2018 790 2053 823 δ(

1298 845 1480 893 praecepto
1497 836 1751 886 interrogamus
1763 848 1818 881 te,
1831 837 2054 874 dileffliffime

1297 884 1371 928 fili,
1388 887 1533 922 caritate
1550 886 1675 923 sincera
1687 889 1731 933 ‚fi
1748 903 1888 925 omnem
1905 889 2054 938 pruden-

1297 935 1382 970 tiam
1410 946 1530 978 tuam
1568 948 1739 986 quantum
1777 950 1834 976 tua
1872 953 1980 988 capax
2009 939 2055 974 est

1297 996 1440 1027 natura
1461 987 1586 1023 divino
1607 989 1752 1025 servitio
1773 990 1970 1037 mancipare
1991 1003 2055 1024 vo-

1295 1037 1422 1072 lueris?
1452 1039 1630 1085 Respondet
1657 1041 1728 1074 ita.-
1750 1042 1848 1075 Toto
1869 1039 1971 1075 corde
1991 1053 2055 1075 vo-

1294 1089 1329 1121 lo
1358 1087 1394 1122 in
1421 1091 1586 1125 omnibus
1613 1091 1753 1126 obedire
1780 1092 1814 1125 8<
1840 1089 2055 1126 consentire.

1295 1140 1373 1172 Inte
1366 1151 1532 1185 ¹rogatur:
1568 1141 1632 1175 Vis
1662 1155 1774 1176 mores
1802 1151 1880 1176 tuos
1908 1141 1950 1175 ab
1977 1153 2054 1176 om-

1296 1190 1331 1224 ni
1361 1193 1454 1224 malo
1483 1200 1703 1239 temperare,
1731 1193 1764 1226 &
1794 1201 1965 1238 quantum
1995 1204 2056 1239 po-

1235 1252 1263 1285 ς
1295 1239 1400 1284 teris,
1440 1241 1597 1276 Domino
1625 1242 1835 1290 adjuvante,
1872 1241 1914 1276 ad
1950 1254 2056 1277 omne

1295 1291 1424 1325 bonum
1468 1291 1716 1327 commutare?
1760 1293 1972 1338 Respondet.-
2013 1293 2054 1327 In

1295 1351 1463 1386 quantum
1494 1343 1625 1386 poffum
1642 1370 1653 1386 ‚
1682 1343 1786 1377 volo.
1813 1344 2055 1388 Inter-rogatur:

1295 1390 1358 1423 Vis
1388 1390 1610 1426 sobrietatem
1640 1405 1718 1427 cum
1749 1392 1816 1426 Dei
1838 1392 1975 1426 auxilio
1996 1405 2054 1427 cu-

1294 1438 1445 1475 stodire?
1474 1441 1653 1488 Respondet
1667 1455 1683 1475 .·
1710 1443 1750 1476 In
1778 1450 1949 1489 quantum
1979 1441 2054 1488 pos-

1296 1489 1393 1534 sum,
1421 1491 1507 1525 volo
1524 1518 1532 1526 .
1560 1494 1803 1538 Interrogatur:
1831 1492 1896 1526 Vis
1924 1491 2057 1539 semper

1297 1540 1427 1576 divinis
1457 1541 1650 1590 mancipari
1678 1541 1859 1590 negotiis,
1895 1543 1929 1577 δ(
1957 1543 1976 1577 ὲ
2002 1544 2057 1579 lu-

1300 1591 1366 1626 cris
1394 1592 1553 1638 turpibus
1589 1592 1654 1627 effe
1690 1593 1847 1637 alienus,
1884 1603 2055 1640 quantum

1294 1651 1327 1676 te
1355 1641 1504 1676 humana
1543 1642 1719 1690 permittit
1755 1642 1951 1690 fragilitas?
1988 1648 2055 1679 Re-

1239 1705 1267 1736 D
1290 1692 1441 1738 spondet:
1474 1694 1512 1726 ln
1541 1702 1711 1740 quantum
1750 1693 1910 1739 possum,
1948 1695 2053 1729 volo.

1295 1745 1530 1789 Interrogatur:
1568 1743 1633 1778 Vis
1664 1742 1905 1778 humilitatem
1933 1745 1967 1779 8<
1996 1758 2055 1790 pa-

1296 1793 1459 1828 tientiam
1489 1793 1526 1828 in
1563 1793 1750 1841 temetipso
1788 1793 1982 1839 custodire,
2018 1796 2054 1830 &

1298 1843 1384 1879 alios
1421 1843 1462 1878 ad
1499 1844 1565 1879 hoc
1603 1843 1807 1879 inclinare?
1845 1846 2053 1892 Respondet:

1299 1897 1335 1928 In
1365 1904 1535 1942 quantum
1564 1895 1719 1943 pofl‘um,
1747 1896 1853 1931 volo.
1879 1898 2056 1944 Interroga.

1297 1956 1371 1979 tu:r
1402 1945 1612 1995 Pauperibus
1639 1946 1673 1981 δε
1703 1945 1915 1994 peregrinis,
1939 1947 2056 1983 omni-

1297 1995 1424 2043 busque
1461 1996 1702 2053 indigentibus
1731 1995 1785 2031 vis
1813 1997 1877 2031 effe
1913 2007 2056 2045 propter

1296 2059 1423 2082 nomen
1453 2046 1601 2081 Domini
1639 2046 1812 2089 affabilis,
1849 2047 1883 2081 &
1919 2047 2055 2083 miseri-

1296 2095 1398 2131 cors?
1427 2097 1630 2144 Respondet:
1657 2097 1772 2131 Volo.
1801 2099 1848 2130 Et
1874 2097 1960 2132 dicat
1987 2101 2054 2133 Do-

1239 2148 1399 2190 Eaninus
1425 2150 1541 2193 Papa:
1568 2148 1665 2182 Haec
1693 2147 1834 2190 omnia,
1876 2149 1910 2182 ἃ
1939 2158 2052 2184 cetera

1297 2199 1387 2232 bona
1414 2197 1547 2233 tribuat
1578 2196 1646 2232 tibi
1685 2197 1886 2242 Dominus,
1923 2199 1957 2233 8<
1995 2213 2054 2234 cu.

1299 2248 1421 2283 stodiat
1449 2257 1483 2283 te
1511 2257 1614 2295 atque
1644 2248 1844 2283 corroboret
1880 2248 1917 2283 in
1954 2248 2055 2286 omni

1299 2300 1415 2334 bono.
1452 2302 1500 2333 Et
1535 2299 1716 2345 respondent
1749 2312 1879 2332 omnes:
1915 2301 2054 2335 Amen.

1298 2352 1533 2393 Interrogatur:
1559 2348 1683 2384 Credis
1711 2348 1896 2384 secundum
1918 2350 2054 2386 intelli-

1299 2400 1452 2449 gentiam
1481 2410 1577 2435 tuam
1605 2401 1638 2435 ὃ(
1668 2400 1897 2447 capacitatem
1940 2400 2052 2436 sensus

1298 2451 1349 2487 tui
1379 2450 1538 2486 Sanfitam
1566 2450 1806 2495 Trinitatem,
1837 2454 1997 2496 Patrem,
2016 2453 2052 2487 8<

1299 2502 1452 2545 Filium,
1480 2503 1513 2536 8<
1539 2501 1710 2549 Spiritum
1736 2502 1922 2546 Sanfitum,
1944 2515 2051 2538 unum

1297 2555 1412 2590 Deum
1447 2552 1752 2602 omnipotentem,
1788 2561 1971 2601 totamque
2011 2553 2051 2590 in

1916 2603 2002 2641 Tri-
