2195 3032
184 282 218 317 ἃ
244 236 329 280 745

185 332 226 367 fit
245 336 345 367 Anno
367 334 419 366 VI.
444 330 539 366 Mihi
565 330 658 365 enim
687 330 786 378 pagii
814 329 876 365 hac
899 330 939 365 de

183 396 220 418 re
241 382 411 417 sententia
433 380 660 428 proculdubio
684 380 824 416 videtur
846 394 938 429 prae·

185 430 342 468 ferenda.
373 431 627 467 Animadverte
659 431 826 479 Diploma
857 432 938 465 alte.

183 496 261 519 rum
289 483 326 517 in
355 482 573 529 praelaudata
607 481 856 517 Dissertatione
886 484 939 516 VI.

183 534 222 568 de
242 533 420 567 Mrzrchion.
442 532 460 566 ὲ
481 546 535 568 me
559 532 764 577 produffium
779 559 787 575 ‚
809 545 851 567 ex
873 545 941 579 quo

184 582 287 631 Pagii
325 582 449 630 opinio
486 583 686 618 confirmari
727 582 860 631 potest.
898 585 942 617 Et

185 633 227 669 ad
255 632 364 681 ipsam
394 632 535 680 quidem
565 633 798 681 quaestionem
838 633 941 681 perti-

184 692 269 719 nent
289 682 440 718 Chartae
460 684 565 728 duae,
584 698 730 732 quarum
752 697 855 718 unam
878 683 941 718 ser-

184 742 247 769 vat
274 733 474 769 Archivum
511 734 733 770 Cathedralis
760 734 940 770 Mutinen-

185 784 249 828 fis,
277 784 393 819 datam
420 788 521 819 astino
558 788 627 820 VII.
657 785 801 833 Imperii
838 787 941 821 Lam-

187 835 300 879 berti,
328 835 439 869 Pridie
467 837 634 870 Kalendas
668 836 827 877 OHobris,
855 836 942 869 Indi-

185 884 286 919 &ione
305 887 348 919 ΙΙ.
366 885 432 920 hoc
452 885 497 921 est
517 888 620 921 Anno
638 887 943 922 DCCCXCVHI.

185 936 332 970 alteram
356 939 439 971 vero
465 937 621 985 legebam
646 936 783 972 Arretii
809 936 846 971 in
872 938 941 971 Ta-

187 986 323 1021 bulario
342 987 604 1023 Canonicorum
626 989 698 1035 ejus
715 987 821 1023 Urbis
834 1015 843 1031 ‚
864 985 942 1022 scri-

183 1045 281 1084 ptam
309 1040 411 1072 Anno
440 1040 510 1072 VH.
538 1038 643 1072 Tertio
670 1042 778 1072 Nonas
806 1042 941 1085 Septem-

184 1087 251 1122 bris
277 1087 451 1122 Indifflone
478 1091 521 1123 II.
549 1089 614 1122 hoc
645 1089 690 1122 est
719 1087 841 1122 eodem
869 1089 939 1121 An-

184 1150 233 1172 no
262 1139 566 1173 DCCCXCVIII.
592 1138 680 1173 Tria
705 1151 844 1185 quoque
868 1136 943 1172 vidi

977 736 1004 770 B

185 1196 436 1232 monumenta,
464 1187 506 1223 ad
534 1188 625 1223 hunc
656 1189 769 1237 ipsum
798 1190 943 1222 Annum

184 1237 377 1286 speciantia
413 1238 451 1273 in
487 1238 658 1274 ditissimo
687 1238 849 1274 Archivo
876 1240 941 1273 Ar-

184 1288 415 1336 ehiepiscopii
456 1289 620 1325 Lucensis
637 1317 647 1334 ,
689 1288 815 1337 scripta
848 1289 944 1333 sulio

185 1339 306 1383 meriste,
327 1339 502 1373 Itidiffione
522 1343 548 1374 Ῑ.
570 1344 671 1375 Anno
694 1342 764 1375 VII.
786 1339 869 1375 idest
888 1353 940 1374 eo·

184 1389 263 1424 dem
292 1392 400 1425 Anno
429 1392 734 1427 DCCCXCVIII.
770 1390 832 1425 Sed
861 1389 944 1438 quid

185 1440 254 1476 tria
274 1439 373 1475 dixi?
396 1443 482 1475 Sunt
502 1440 553 1476 ibi
578 1442 612 1476 8<
634 1441 700 1476 alia
727 1441 848 1476 eodem
870 1443 943 1476 An-

184 1503 232 1525 no
259 1491 361 1534 data,
389 1491 421 1526 &
450 1490 504 1526 his
543 1492 636 1527 notis
664 1491 813 1540 signata:
846 1496 946 1526 Anno

186 1543 241 1576 VI.
263 1541 390 1587 Imperii
410 1542 540 1576 Domini
563 1543 659 1584 nostri
681 1543 849 1578 Lantherti
868 1556 943 1589 grac

183 1592 235 1626 tid
255 1592 318 1627 Dei
345 1592 543 1639 Imperatoris
560 1593 725 1640 Augusti,
746 1596 850 1628 XVII.
875 1598 942 1628 Ka-

184 1642 297 1677 lendas
317 1643 452 1686 Μαίας,
476 1642 648 1677 [ndiffione
668 1646 694 1678 I.
715 1643 780 1679 hoc
803 1644 848 1679 est
869 1645 941 1678 An·

186 1705 233 1728 no
262 1694 569 1729 DCCCXCVIII.
598 1696 684 1729 Sunt
710 1695 744 1729 8<
771 1694 839 1729 alia
867 1694 945 1729 data

186 1744 307 1778 eodem
337 1743 484 1791 Aprili:
515 1743 594 1779 sunt
620 1745 655 1779 &
682 1754 821 1780 exarata
849 1746 944 1780 Mar-

185 1793 240 1828 tio
268 1793 383 1828 mense
411 1807 490 1829 cum
514 1798 615 1829 Anno
640 1798 751 1830 Sexte.
777 1795 835 1830 Ad
863 1794 946 1830 haec

184 1843 238 1880 ibi
277 1844 432 1879 occurrit
473 1845 686 1892 permutatio
726 1845 945 1893 praediorum

185 1893 278 1930 faffia
306 1897 324 1929 ὲ
354 1896 458 1930 Petro
486 1895 633 1932 Lucenli
670 1896 844 1944 Episcopo
871 1900 945 1931 An-

188 1959 228 1980 no
256 1948 327 1981 VH.
357 1946 485 1992 Imperii
511 1947 698 1989 Lantberti‚
724 1947 847 1992 ‚Quinto
873 1948 950 1981 Idus

186 1995 325 2040 Μαίας,
347 1996 523 2030 Ιηᾶἰέῗῐοηε
543 1999 568 2031 I.
589 1996 757 2032 videlicet
780 1996 874 2045 saepe
898 1997 947 2032 di-

187 2046 247 2081 δ’[ο
277 2049 384 2082 Anno
413 2049 719 2082 DCCCXCVIH.
746 2047 795 2082 ita
824 2057 863 2082 ut
890 2047 949 2083 sub

189 2096 295 2132 finem
319 2097 456 2145 Aprilis
478 2098 577 2132 Anni
606 2099 855 2133 ncccxcrr.
881 2099 949 2133 Im.
980 2089 1008 2122 E

188 2147 313 2195 periali
340 2148 467 2183 corona
490 2148 637 2183 donatus
664 2148 824 2183 videatur
844 2150 948 2184 Lam-

191 2199 307 2233 bertus
319 2225 327 2233 .
340 2198 493 2234 Consule
509 2200 615 2234 etiam
630 2198 768 2234 Differt.
780 2201 948 2235 LXXIII.

189 2250 228 2282 de
255 2251 427 2291 Mormster.
457 2249 490 2282 in
517 2249 640 2292 benefic.
667 2254 735 2284 dat.

242 2300 398 2342 Interea,
427 2299 526 2334 tricis
558 2299 629 2334 istis
665 2299 833 2344 dimiffis,
861 2313 949 2347 quae

189 2348 273 2384 tolli
301 2350 548 2385 tantummodo
577 2349 703 2398 poffint
733 2351 774 2385 ab
804 2350 948 2386 homine

189 2399 249 2435 sub
286 2401 407 2435 oculos
449 2400 623 2444 habente,
660 2400 947 2448 quotiescumque

187 2463 273 2498 opus
310 2450 383 2494 est,
421 2449 551 2499 singula
587 2450 697 2496 haec,
734 2460 838 2499 atque
880 2452 948 2487 alia

187 2509 438 2545 monumenta,
464 2501 505 2536 ad
531 2501 724 2536 Vicecomites
748 2500 967 2541 x·edeamus.l

188 2551 356 2600 Specta&
383 2551 425 2588 ad
449 2553 584 2586 Comites
608 2552 735 2601 eligere
762 2552 821 2588 fibi
847 2546 966 2598 suum}

550 217 1052 265 DISSERTATJO
1105 218 1420 263 OCTAVA:

256 295 317 330 pro
353 283 453 316 Anno
491 284 526 316 V.
560 280 686 326 Imperii
723 279 939 315 scribendum
957 281 1019 328 uA*

1656 229 1740 279 746

1037 281 1265 323 Visst-emicem,
1291 281 1382 316 κᾶε
1411 278 1518 316 infert
1546 279 1796 320 eruditissimus

1037 331 1201 366 Baluzius
1217 344 1260 366 ex
1275 332 1429 380 Epistola
1445 331 1626 379 Agobardi
1645 333 1685 368 ad
1702 336 1797 369 Mat-

1037 379 1193 425 fredum,
1218 382 1278 417 ubi
1308 381 1418 417 sermo
1445 381 1486 417 fit
1513 381 1554 417 de
1580 384 1797 420 Bertmundo

1037 431 1181 466 Cornite
1206 431 1449 481 Lugdunensi,
1470 432 1524 479 qui
1543 434 1616 467 bene
1636 434 1718 478 satis
1741 436 1798 470 ha·

1037 483 1107 515 beat
1146 483 1325 518 ordinatum
1359 485 1399 517 de
1432 482 1571 528 justitiis
1606 485 1798 520 comitatum

1032 531 1125 576 suum
1135 546 1155 575 ;
1179 547 1211 567 eo
1230 537 1311 580 quod
1335 535 1429 568 talem
1454 536 1563 567 Vtrum
1587 538 1649 569 Pro
1668 539 1709 570 Se
1730 550 1800 571 con-

1030 582 1174 624 stituerit
1200 585 1243 618 ad
1268 585 1341 618 haec
1361 585 1561 631 peragenda,
1586 586 1641 631 qui
1668 599 1726 619 mm
1748 587 1799 631 so.

1037 634 1103 667 liam
1126 645 1252 681 propter
1287 648 1418 668 amorem
1446 635 1489 668 Εἶθ’
1515 635 1654 669 timorem
1689 638 1798 671 Senio-

1038 683 1081 717 ris
1099 684 1155 729 sui
1181 685 1216 718 id
1229 684 1351 726 strenue
1372 695 1466 731 gerat
1486 685 1552 720 &a
1582 687 1690 721 Porro
1710 700 1797 734 quo-

1039 732 1104 768 ties
1145 735 1328 770 eveniebat
1347 762 1356 779 ‚
1394 744 1433 770 ut
1471 737 1601 771 Comes
1640 737 1795 786 abeffet3

1040 792 1123 819 tunc
1144 786 1327 834 praecipue
1347 799 1471 822 munus
1493 787 1683 821 Viceccmitis
1702 799 1775 823 erat
1788 817 1797 832 ,

1043 835 1186 871 Placitis
1214 835 1282 872 five
1311 836 1459 880 Judiciis
1489 836 1640 884 publicis
1669 838 1801 885 praees.

1043 884 1094 929 se,
1117 899 1156 921 ac
1177 886 1369 922 ministrare
1391 886 1556 933 justitiam
1570 914 1578 922 .
1600 888 1704 936 Apud
1727 891 1802 925 Du.

1041 936 1217 985 Cangium
1238 937 1275 972 in
1297 937 1472 972 Gloffario
1498 937 1651 973 Latinit.
1675 938 1715 973 ad
1739 953 1801 975 vo.

1040 999 1114 1021 cem
1135 987 1299 1021 Vicecomes
1316 986 1491 1021 Placitum
1510 996 1724 1023 memoratur
1741 989 1801 1025 ha.

1040 1035 1153 1070 bitum
1166 1036 1325 1072 Viennae
1340 1036 1378 1071 in
1393 1036 1512 1072 Gallia
1524 1038 1632 1073 Anno
1651 1040 1802 1075 DCCC.

1041 1087 1175 1121 LXIII.
1205 1086 1265 1122 ubi
1289 1086 1373 1122 haec
1401 1088 1526 1122 verba:
1554 1089 1688 1122 Veniens
1713 1091 1802 1125 Wit-

1032 1137 1143 1181 fredus
1169 1137 1324 1178 Ecclesiae
1358 1137 1471 1172 Saufli
1500 1139 1657 1173 Mauricii
1683 1143 1802 1175 Advo-

976 1188 1007 1222 C
1040 1197 1126 1222 catus
1148 1188 1271 1234 publice
1307 1188 1341 1222 in
1370 1189 1523 1223 Viennam
1559 1190 1736 1224 Civitatem
1767 1193 1801 1226 in

1038 1238 1195 1284 presentia
1220 1239 1339 1274 Domni
1365 1239 1509 1274 Ardoini
1534 1239 1670 1285 ejusdem
1696 1243 1803 1276 Eccle-

1035 1288 1103 1329 fiae
1125 1289 1316 1323 venerabilis
1336 1289 1593 1336 Archiepiscopi,
1621 1291 1664 1324 (9⁶
1688 1293 1802 1326 Erlui.

1042 1339 1076 1373 ni
1097 1339 1288 1374 Vicecomitis
1314 1341 1407 1385 Miffi
1426 1340 1562 1382 Illustris
1587 1341 1720 1386 Bosonis
1741 1346 1802 1377 Co.

1043 1390 1149 1432 mitis,
1176 1391 1230 1424 vel
1257 1390 1412 1434 judicum
1431 1420 1440 1436 ‚
1477 1391 1532 1438 qui
1561 1392 1606 1426 ibi
1640 1393 1799 1429 aderant.

1045 1442 1175 1475 Ver-hm
1204 1454 1311 1488 quum
1342 1440 1459 1487 Μιᾙιις
1486 1441 1544 1477 hic
1573 1441 1701 1488 fuerit,
1730 1457 1801 1479 non

1045 1491 1242 1533 ordinaria,
1271 1491 1325 1526 sed
1362 1492 1519 1540 delegata
1556 1492 1721 1529 censenda
1759 1494 1803 1530 est

1045 1542 1142 1577 illius
1169 1541 1383 1577 auctoritas.
1420 1543 1571 1579 Videtur
1601 1554 1717 1580 autem
1750 1546 1803 1593 jus

1045 1592 1088 1627 iis
1114 1592 1360 1628 tantummodo
1385 1592 1483 1628 fuisse
1509 1594 1548 1629 ad
1573 1593 1803 1631 decernendas

1043 1643 1124 1678 lites
1160 1643 1249 1678 levis
1287 1643 1481 1679 momenti:
1511 1644 1616 1692 idque
1654 1645 1802 1682 fortassis

1044 1693 1181 1729 haurias
1218 1707 1260 1729 ex
1296 1695 1393 1742 Lege
1430 1696 1488 1742 69.
1517 1695 1640 1730 Caroli
1675 1697 1801 1738 Magni

1045 1744 1136 1779 inter
1163 1744 1467 1793 Langobardicas,
1491 1758 1578 1792 quae
1606 1746 1655 1781 ita
1685 1746 1716 1782 se
1744 1747 1804 1782 ha-

1047 1796 1123 1829 bet:
1164 1798 1205 1829 Ut
1233 1805 1306 1829 ante
1335 1795 1472 1829 Vicarios
1501 1796 1591 1830 nulla
1627 1796 1804 1831 criminalis

1044 1845 1125 1879 αξῖῐο
1163 1844 1372 1890 diffiniatur,
1410 1845 1469 1886 nisi
1509 1856 1633 1880 tantum
1672 1848 1804 1882 leviores

1044 1895 1185 1940 Causae,
1202 1908 1281 1942 quae
1293 1896 1390 1939 facile
1402 1895 1694 1942 pofflmtjudicari.
1714 1900 1803 1934 Sunt

1043 1959 1131 1994 quae
1156 1945 1340 1990 suadeant,
1362 1946 1421 1981 sub
1447 1946 1590 1982 nomine
1612 1948 1803 1984 Vicariorum

1044 1996 1211 2044 designari
1238 1997 1431 2031 Vicecomites
1457 1998 1618 2032 Rurales:
1638 1999 1730 2046 quod
1752 2008 1803 2035 ta.

1045 2060 1124 2082 men
1152 2046 1324 2082 affirmare
1361 2060 1423 2094 pro
1450 2057 1546 2083 certo
1573 2061 1643 2083 non
1672 2049 1801 2094 auslm,

1044 2110 1257 2145 quamquam
1282 2105 1440 2133 occurrat
1467 2099 1500 2133 ἃ
1527 2098 1563 2133 in
1593 2099 1672 2134 aliis
1697 2101 1803 2149 Legi-

1045 2149 1106 2183 bus
1126 2147 1262 2183 mentio
1284 2148 1473 2183 Vicat-iorum
1494 2149 1553 2184 sub
1574 2150 1690 2185 eidem
1716 2150 1802 2186 sem.

1043 2212 1102 2247 per
1128 2197 1405 2246 significatione.
1439 2199 1650 2235 Procedente
1677 2200 1801 2237 deinde

1041 2259 1199 2298 tempore
1227 2249 1334 2284 variis
1361 2249 1618 2286 mutationibus
1645 2252 1799 2288 obnoxia

1042 2299 1110 2335 fuit
1146 2299 1336 2335 affirm-itas
1372 2313 1410 2335 ac
1448 2300 1602 2349 dignitas
1637 2302 1800 2339 Vicecomi.

1042 2362 1128 2386 tum.
1158 2352 1251 2386 Nam
1277 2349 1420 2386 sublatis
1446 2352 1464 2386 ὲ
1491 2351 1607 2387 medio
1627 2353 1801 2389 Comitibus

1042 2401 1080 2436 in
1103 2400 1369 2449 quampluribus
1395 2401 1519 2437 Italiae
1545 2403 1722 2448 Urbibus,
1748 2403 1798 2441 ibi

1042 2465 1182 2499 quoque
1206 2451 1350 2487 evanuit
1377 2452 1589 2487 Vicecomitum
1613 2467 1739 2490 munus
1761 2469 1799 2491 ac

1042 2515 1190 2537 nomen.
1218 2504 1353 2538 Contra
1377 2501 1446 2539 five
1470 2503 1563 2551 quod
1590 2505 1700 2540 adhuc
1725 2519 1799 2554 per-

1040 2561 1159 2602 gerent
1187 2566 1258 2589 non
1285 2553 1386 2602 pauci
1416 2556 1435 2590 ὲ
1461 2555 1636 2589 comitibus
1661 2558 1797 2592 Rurali.
