2195 3032
219 244 292 270 101

491 224 1000 268 DJSSER‘J'ATIO
1048 224 1417 265 SECUNDA.

1618 243 1694 270 102

155 286 236 321 161.
260 286 397 322 Floruit
426 285 488 322 iile
509 283 625 331 (quod
653 282 831 318 reminisci
852 284 1110 331 ju-iAtbm-dia
1127 311 1137 327 ,
1165 286 1258 330 quam
1285 284 1319 317 in
1356 286 1614 329 ROMAMA,
1635 286 1690 330 seu
1725 287 1757 323 i„

151 338 242 385 vat)
268 338 410 373 Saeculo
436 334 565 371 Christi
594 336 701 370 Nono
722 361 732 378 ,
761 334 796 368 δε
825 333 904 382 qui·

151 387 231 422 dem
259 387 423 424 ineunte·
461 387 589 421 Narrat
626 384 694 420 ‘ilie
722 387 904 420 Ravenna-

153 438 245 473 tium
286 436 492 472 seditionem
519 443 640 471 contra
671 434 902 479 Justinianum

153 485 372 525 Constantini
401 485 574 534 Pogonati
601 485 846 530 successorem,
870 487 905 521 8<

153 540 190 574 in
232 550 309 573 eum
346 535 562 585 insurgentes
608 539 801 573 Exarcatus
837 539 903 573 Ui·-

155 590 211 624 bes
226 614 234 623 .
262 589 314 622 En
340 600 427 634 quae
449 587 501 623 ibi
529 587 773 623 recensentur:
792 591 904 623 Sar-xe-

157 652 199 672 πα
212 664 221 678 ,
237 637 356 672 Cervia
372 664 382 681 ,
403 638 520 682 Cesena
535 665 545 681 ‚
562 641 679 672 Forum
694 640 833 685 Popilii,
848 642 905 672 Co-

151 687 218 722 loni
235 691 349 722 Portus
371 689 557 731 Candiani,
587 689 647 724 ubi
686 689 810 724 Classis
846 688 907 724 Ci-

151 738 244 774 vitas
263 765 272 782 ‚
293 740 409 773 Forum
437 738 553 782 Livii,
578 741 765 787 Ffzventia,
791 742 907 774 Forum

151 789 310 833 Cornelii,
330 789 496 824 Bononia.
520 788 593 824 Hic
614 790 779 837 antiquus
799 792 906 825 Exar-

153 839 295 882 chatus,
326 841 505 874 Romanae
539 838 650 887 postea
688 839 859 876 Ecclefiae
889 841 907 875 ὲ

153 890 305 938 Regibus
335 890 477 925 Francis
497 889 590 926 dono
611 890 712 926 datus
728 918 736 926 .
756 893 908 926 Enume-

152 949 273 975 rantur
298 939 405 975 etiam
434 942 475 976 ab
514 941 713 986 Anastasio,
749 941 805 977 seu
833 941 907 990 qui·

152 990 245 1038 squis
266 990 328 1026 ille
355 990 395 1026 sit
427 991 671 1027 vetustissimus
699 992 906 1037 Au&or,in

152 1042 238 1077 Vita
270 1040 420 1077 eiusdem
451 1043 617 1090 Stephani
654 1045 699 1078 ΙΙ.
730 1042 908 1078 Civitates

152 1091 368 1127 Exarchatus
387 1120 397 1136 ,
426 1093 460 1127 δε
482 1094 712 1141 Pentapoleos
744 1094 762 1128 ὲ
792 1093 908 1142 Pippi-

152 1156 198 1177 no
223 1142 398 1191 donataeg
424 1156 535 1190 neque
560 1145 673 1179 ullum
698 1144 740 1179 de
757 1153 907 1191 quatuor

151 1192 383 1241 praelaudatis
417 1193 638 1230 Civitatibus
668 1195 814 1230 verbum
850 1208 906 1230 oc·

151 1242 285 1278 currit.
306 1245 438 1279 Verum
464 1257 506 1279 an
528 1244 745 1292 subsequutis
772 1254 902 1291 tempo·

150 1293 247 1329 ribus
275 1293 340 1329 effe
371 1295 564 1342 perrexerit
594 1296 813 1332 Exarchatus
844 1299 907 1332 Ra·

152 1357 285 1380 vennae
305 1344 343 1379 in
369 1345 470 1393 plena
500 1345 638 1381 ditione
667 1349 906 1382 Romanorum

153 1393 369 1429 Pontificum
384 1422 392 1436 ,
406 1408 448 1430 an
466 1396 582 1442 potius
599 1409 678 1431 curn
698 1397 824 1432 Italico
843 1400 903 1431 Re·

154 1457 223 1492 gno
243 1443 368 1480 deinde
389 1445 596 1492 conjunEtus
623 1444 751 1489 fuerit,
772 1446 910 1493 quodve

153 1496 207 1544 jus
235 1494 271 1530 in
300 1507 375 1529 eam
403 1494 583 1543 regionem
612 1497 832 1531 exercuerint
873 1510 908 1531 o-

153 1545 220 1580 iim
244 1547 472 1593 Imperatores
483 1559 521 1580 ac
538 1545 662 1581 Italiae
681 1548 789 1594 Reges
802 1559 813 1594 3
827 1546 909 1582 haec

155 1596 226 1644 jam
250 1595 398 1643 expendi
425 1595 462 1630 in
493 1595 648 1630 Pleniori
682 1596 908 1643 Expositione

153 1645 290 1689 Jurium
315 1643 584 1689 Caesareorum‚
611 1659 649 1680 ac
661 1645 846 1680 Estenfium
877 1647 909 1680 in

152 1695 354 1736 comaclum,
382 1697 429 1729 Et
457 1696 792 1743 praeterquamquod
820 1698 902 1731 niul-

153 1756 190 1781 τε,
217 1745 320 1789 sunt,
347 1758 435 1791 quae
463 1745 707 1793 persuadeant,
747 1747 910 1783 excidisse

155 1810 214 1845 per
238 1797 337 1844 plura
352 1797 493 1831 Saecula
511 1799 704 1832 Romanam
722 1797 907 1833 Ecclesiam

154 1851 172 1883 ὲ
198 1845 398 1895 possessione
418 1860 456 1881 ac
477 1847 719 1883 dominatione
737 1848 905 1884 Exarcha-

154 1908 234 1940 tus,
262 1910 304 1933 ne
333 1897 414 1932 satis
441 1897 583 1945 quidem
609 1908 826 1946 compertum
855 1899 908 1935 ha·

155 1949 297 1992 bemuS‚
338 1947 465 1996 quibus
494 1948 582 1983 olim
612 1949 720 1995 pafflis
762 1950 795 1984 δε
833 1963 910 1985 cori-

153 1998 383 2034 ventionibus
401 2026 410 2041 ,
430 1998 598 2047 pippinus
618 2000 651 2034 8<
668 2001 816 2036 Carolus
832 2002 908 2036 Ma-

153 2063 240 2099 gnus
256 2048 369 2097 ipsum
381 2049 617 2085 Exarchatum
637 2051 804 2086 Romanis
819 2053 906 2087 Pon·
928 2055 931 2085 l

153 2100 311 2136 tisieibus
340 2099 596 2136 concesserint:
637 2110 727 2136 certe
764 2115 834 2137 non
871 2117 912 2139 eo

155 2151 315 2200 supremo
342 2151 438 2199 jure,
469 2151 560 2198 quod
588 2164 679 2187 nunc
708 2153 930 2200 Apostolical

154 2201 255 2238 Sedes
283 2211 442 2245 exercet,
479 2203 512 2236 8<
550 2210 589 2237 ut
629 2202 665 2238 in
708 2201 931 2251 perpetuum*>

155 2261 340 2296 exerceat,
369 2253 560 2301 optandum
590 2253 653 2289 est.
681 2254 807 2290 Obiter
835 2254 931 2295 heicl

156 2302 404 2338 tantummodo
431 2303 708 2339 animadvertam
727 2333 736 2349 ‚
774 2305 811 2340 iri
850 2306 911 2341 Di-

159 2355 313 2401 plomate
333 2354 482 2397 Caroli,
515 2364 553 2389 ut
582 2355 743 2399 videtur,
774 2355 884 2392 Crassi
902 2385 911 2401 ,

159 2407 267 2438 Anno
306 2406 607 2441 DCCCLXXXI.
654 2405 691 2441 iu
729 2406 911 2443 Chronic.

160 2452 308 2488 Farfens.
347 2456 438 2491 Part.
476 2458 522 2491 ΙΙ.
552 2457 661 2492 Tomi
701 2459 746 2492 ΙΙ.
786 2460 912 2493 Rerum

158 2503 385 2548 Italicarum,
412 2519 487 2555 pag.
515 2510 597 2554 381.
626 2507 826 2543 confirmari
854 2509 911 2543 bo-

947 2103 974 2136 E

997 334 1132 378 Tuscia,
1160 335 1203 368 (9‘
1230 334 1263 369 in
1289 337 1418 370 Ducam
1443 335 1629 382 Spoletano.
1665 337 1758 374 Heic

999 384 1097 420 vides
1125 384 1344 432 Romaniam(
1365 398 1457 420 nunc
1495 386 1529 421 la
1561 390 1757 438 Romagna)

999 434 1091 470 nihil
1116 436 1135 470 ὲ
1155 436 1289 481 Tuscia,
1311 436 1353 470 (9¹
1371 437 1538 483 spoletano
1553 440 1682 473 Ducam
1706 439 1762 476 di-

1001 485 1158 534 stinguig
1188 494 1392 534 certumque
1417 486 1461 522 est
1485 488 1646 535 spectaffe
1666 489 1707 525 ad
1729 492 1762 526 1-

999 536 1104 572 taliae
1134 539 1294 586 Regnum
1309 537 1476 574 Tusciam
1502 539 1535 574 8<
1556 541 1760 588 Spoletum.

1001 589 1094 636 Ergo
1120 601 1180 623 cur
1207 601 1277 623 non
1311 589 1345 623 &
1383 590 1545 625 Romania
1572 590 1759 638 spefiiarit?

999 637 1095 672 {dem
1123 639 1215 686 legas
1251 639 1286 672 δε
1314 637 1351 673 in
1388 650 1550 688 precepto
1592 642 1759 679 Lotharii

1001 690 1027 722 Ι.
1066 688 1237 735 Augusti,
1275 690 1384 723 Anno
1420 691 1637 728 DCCCXL.
1686 706 1761 741 pag.

981 741 1084 785 ¹389.
1101 765 1111 782 ,
1134 739 1168 773 δε
1191 738 1230 773 in
1257 739 1368 774 altero
1393 739 1515 774 Caroli
1544 743 1650 777 Calvi
1690 746 1760 778 Im-

1002 788 1170 837 peratoris
1187 816 1196 833 ‚
1215 790 1324 824 Anno
1353 791 1639 827 DCCCLXXV.
1653 819 1662 837 ‚
1674 807 1762 842 quae

1003 839 1128 876 itidem
1152 839 1204 875 ibi
1232 841 1396 888 evulgata
1416 841 1586 889 reperies.

1053 890 1203 925 Dimisso
1232 892 1430 935 Exarcatu‚
1456 891 1689 929 transiliamus
1721 895 1761 930 ad

1003 940 1108 975 aliani
1140 941 1257 976 Italici
1297 942 1409 990 Regni
1448 943 1669 988 portionem,
1699 945 1764 980 hoc

1002 991 1046 1026 est
1082 991 1123 1026 ad
1151 994 1310 1026 Damam
1343 994 1485 1040 Spoleti,
1515 993 1681 1043 infignem
1714 997 1763 1031 la-

1003 1050 1144 1090 tamque
1170 1042 1372 1090 regionem,
1408 1044 1580 1091 &ipsam
1615 1047 1633 1080 *a
1670 1048 1764 1082 Lan-

1003 1092 1164 1141 gobardis
1189 1093 1331 1128 Italiam
1363 1093 1520 1142 ingressis
1545 1105 1681 1132 mature
1708 1111 1766 1132 oc-

1003 1153 1191 1191 cupatam.
1222 1143 1286 1179 Cis
1306 1144 1537 1192 Apenninum
1566 1147 1654 1182 olim
1682 1151 1764 1182 Pen-

1005 1195 1118 1241 tapolis
1134 1194 1215 1230 estra
1234 1196 1397 1243 Regnum
1424 1196 1585 1244 jacuisse,
1608 1198 1765 1246 aliquan-

1004 1244 1049 1280 do
1076 1244 1170 1280 intra
1195 1244 1307 1292 ipsum
1327 1246 1572 1294 comprehensa
1601 1248 1763 1285 viderur.

1004 1298 1100 1332 Tum
1129 1309 1187 1344 per
1214 1296 1300 1331 litus
1337 1297 1507 1334 Hadriaci
1531 1298 1618 1334 ‘freti
1644 1313 1765 1336 excur-

1005 1360 1081 1381 rens
1103 1349 1262 1394 Regnum
1279 1350 1505 1382 Beneventano
1533 1351 1677 1384 Ducatui
1691 1364 1766 1386 ver-

999 1398 1061 1440 ›s‘us
1088 1397 1272 1432 Orientem
1289 1398 1585 1445 conjungebatur.
1603 1401 1660 1436 Ad
1687 1403 1765 1437 Me-

998 1443 1131 1481 ''ridiem
1157 1459 1241 1481 vero
1268 1448 1360 1482 ultra
1394 1449 1624 1496 Apenninum
1654 1450 1765 1487 finiri-

1007 1495 1055 1531 mi
1084 1495 1176 1532 fuere
1204 1500 1348 1532 Dur-atus
1372 1500 1521 1544 Tusciae,
1548 1501 1665 1548 portio
1696 1504 1765 1537 Ita·

1005 1546 1067 1581 lici
1101 1546 1234 1594 Regni,
1255 1548 1289 1581 ὃς
1317 1551 1461 1583 Dircatus
1489 1555 1652 1585 Romanus
1684 1551 1765 1588 inde

1006 1596 1136 1643 semper
1162 1596 1387 1631 esclusus.1n
1417 1599 1538 1646 primis
1562 1602 1763 1650 Langobar*

1005 1646 1127 1682 dorum
1166 1646 1395 1694 progressibus
1438 1650 1511 1685 veri
1550 1651 1690 1687 videtur
1728 1653 1766 1688 si·

1006 1695 1089 1731 mile
1101 1724 1110 1739 ‚
1128 1696 1267 1732 unicam
1287 1699 1432 1733 Umbriae
1447 1700 1668 1744 provinciam
1684 1716 1766 1739 con-

1004 1746 1146 1782 stituiss'e
1179 1750 1339 1782 Damam
1371 1751 1597 1796 Spolemmsm:
1642 1756 1764 1790 verum

1004 1797 1210 1842 procedente
1247 1807 1404 1845 tempore
1446 1802 1578 1848 majora
1619 1803 1655 1839 in
1693 1805 1766 1841 dies

1005 1849 1220 1884 incrementa
1247 1850 1363 1897 cepit,
1392 1850 1523 1887 vicinis
1553 1855 1706 1891 Urbibus
1723 1856 1765 1891 ad

1007 1899 1221 1934 deditionem
1250 1900 1381 1936 comitis
1398 1928 1405 1936 .
1422 1904 1583 1948 spoletum
1599 1932 1608 1947 ‚
1625 1907 1767 1941 Cameri-

1005 1964 1098 1993 num,
1126 1951 1159 1985 8<
1189 1951 1359 1995 Firmum,
1388 1952 1459 2001 ejus
1490 1954 1673 2003 praecipue
1698 1958 1767 1992 Ur·

1005 2002 1061 2035 bes
1086 2002 1175 2036 olim
1203 2000 1316 2037 fuere.
1343 2004 1396 2038 Ex
1426 2004 1602 2040 Anastasio
1630 2007 1765 2042 Biblio-

1005 2051 1161 2087 thecario
1189 2053 1225 2087 iri
1252 2053 1338 2088 Vita
1360 2053 1547 2091 Zachariae
1565 2058 1676 2103 Papae
1693 2060 1764 2093 col·

1005 2102 1150 2151 ligimus
1163 2130 1172 2146 ,
1185 2103 1358 2144 Miificum
1371 2132 1380 2148 ,
1393 2107 1562 2140 Forconam
1573 2134 1582 2150 ,
1600 2109 1742 2143 Baium:
1754 2137 1763 2152 ,

1005 2154 1037 2188 ἃ
1058 2157 1201 2188 Pennana
1229 2153 1265 2188 in
1293 2155 1412 2190 eodem
1433 2158 1571 2192 Ducatu
1589 2158 1738 2194 inclusas
1755 2186 1763 2194 .

1008 2207 1039 2239 Is
1054 2203 1146 2238 enim
1164 2203 1285 2239 aufflor
1300 2205 1345 2240 est
1362 2234 1371 2249 ,
1393 2205 1661 2244 Trasimundum
1681 2212 1766 2258 Spo-

1005 2255 1162 2290 letanum
1193 2257 1327 2290 Ducem
1356 2257 1374 2291 a
1405 2256 1628 2306 Liutprando
1671 2263 1765 2310 Rege

1007 2304 1186 2349 defecisse,
1215 2307 1500 2355 conjunf‘tunque
1529 2323 1608 2345 cum
1639 2312 1767 2347 Roma-

1007 2356 1082 2399 nis,
1100 2356 1140 2390 ad
1169 2370 1255 2404 quos
1286 2357 1378 2392 se-se
1406 2360 1629 2405 contulerat,
1657 2363 1767 2397 Anno

1011 2409 1228 2443 DCCXLH.
1261 2419 1318 2454 per
1350 2409 1432 2444 diras
1463 2420 1570 2456 partes
1606 2413 1638 2445 in
1668 2413 1768 2447 Fines

1008 2461 1150 2492 Ducatus
1175 2458 1333 2505 Spoletini
1348 2461 1554 2507 penetrasse:
1576 2461 1687 2498 eidem
1709 2477 1766 2498 ve-

1007 2511 1043 2543 τὸ
1064 2509 1099 2553 se
1119 2509 1331 2553 subdiderunt
1358 2510 1557 2555 Marsicani,
1586 2514 1629 2546 θ’
1655 2516 1766 2548 Forco.

159 2567 204 2589 na
231 2555 406 2590 Caenobii
434 2557 599 2594 Farfenfis
629 2570 697 2594 tam
725 2560 758 2594 in
788 2563 931 2609 La72g0.{
987 2559 1096 2609 initii,
1124 2571 1217 2606 atque
1252 2561 1452 2605 Bal-censes,
1476 2562 1531 2606 seu
1570 2565 1763 2608 Pennensef.

1072 2612 1104 2645 G
1148 2622 1168 2646 2

1578 2613 1713 2656 Addit,
