2195 3032
389 212 489 238 xvm

336 253 442 293 rebus
473 269 492 294 e
522 252 641 293 trivio
681 252 814 310 petitis
844 250 1115 302 redundantes,
1156 265 1198 292 ut
1228 252 1324 294 male
1354 251 1400 293 de
1429 251 1556 308 typis,
1594 266 1635 291 ac
1665 250 1710 291 de
1749 251 1934 308 republica

337 324 549 359 mereatur,
580 312 648 366 qui
679 327 735 352 eos
764 310 915 352 educere
946 311 986 351 in
1015 311 1134 351 lucem
1165 312 1286 352 velit.

455 373 590 424 Itaque
627 368 853 426 perspiciens
884 366 935 408 Θ
965 384 1055 425 ego,
1096 384 1139 409 ea
1170 366 1243 424 ff
1280 382 1411 409 vetera
1443 368 1675 420 Tabulas-ia,
1715 384 1760 408 ex
1799 368 1933 423 quibus

336 428 422 484 plus
448 427 626 485 praesidii
655 426 886 484 sperandum
919 426 976 483 fit
1007 427 1222 481 instituenti
1253 429 1326 468 iter
1354 439 1421 482 per
1450 427 1689 468 Eruditionis
1721 428 1831 475 buius
1860 436 1934 467 non

330 485 483 542 semper
525 502 696 527 amoenae
733 498 903 542 campos:
943 499 1125 541 quotquot
1166 487 1270 537 potui
1309 487 1529 526 Italicarum
1569 487 1726 526 Urbium
1756 488 1934 527 Arcbiva

339 544 501 601 excuffi,
532 545 622 585 illuc
652 561 723 585 uno
754 544 858 586 bocco
889 543 1037 599 consilio
1072 542 1280 601 profec'Zus,
1310 542 1360 583 (Ὺ
1391 559 1638 599 quaecumque
1669 544 1716 598 se
1746 546 1843 586 mihi
1872 547 1935 587 ob-

341 604 485 656 tulere‚
524 619 679 658 quorum
709 615 774 660 ope
803 604 932 658 aliqua
968 616 1055 658 pars
1096 601 1309 656 huiusmodi
1346 604 1587 643 Eruditionis
1627 604 1772 644 meliori
1804 605 1844 644 in
1874 604 1935 644 lu·

341 662 442 702 mine
474 662 644 703 collocari
671 661 812 718 pfft,
852 660 1052 717 descripsi,
1095 660 1218 716 iisque
1259 661 1308 701 ad
1347 660 1443 714 istud
1479 661 1691 716 aedificium
1728 664 1937 713 construen-

341 720 429 761 dum
452 719 542 774 sum
573 719 681 774 usus.
713 722 845 761 Multa
874 721 988 761 etiam
1020 720 1225 776 impetravi
1253 719 1299 759 ab
1330 720 1479 760 amicis.
1521 723 1720 761 Praeterea
1749 721 1936 775 quidquid

342 779 384 820 in
414 779 545 820 Mstis
574 779 772 820 codicibus
803 779 1053 835 deprehendi,
1095 779 1180 818 huic
1220 777 1289 833 ipfi
1320 777 1544 834 ampliffimo
1573 792 1788 834 argumento
1818 775 1935 830 affine

342 851 409 879 aut
439 838 556 890 utile,
585 838 656 879 huc
686 838 870 879 derivavi
881 854 900 890 ;
926 838 995 894 spe
1026 837 1152 877 duam
1183 852 1254 876 non
1286 836 1389 889 levi,
1414 835 1521 888 fore,
1552 850 1595 876 ut
1624 839 1819 877 Leflorum
1846 853 1936 892 gra-

343 898 438 938 tiam
470 898 632 949 inirem,
672 896 769 952 quod
807 910 865 937 tot
904 896 1066 936 nondum
1109 894 1210 935 edita
1251 895 1513 949 Antiquitatis
1547 893 1693 947 frusta,
1732 897 1773 935 in
1813 911 1937 936 eorum

343 970 489 1011 quoque
529 954 659 1010 usum,
701 971 721 995 e
761 954 918 1007 vetustis
956 953 1006 994 <9⁴
1045 955 1140 994 lfao
1181 949 1422 1004 difficillimis
1461 953 1683 993 membranis
1722 954 1938 1006 eduxerim,

344 1028 516 1069 certaque
556 1015 596 1055 in
635 1014 815 1068 posterum
856 1011 1041 1069 effecerim
1081 1013 1188 1051 vitae
1227 1011 1495 1053 diuturnioris.
1536 1012 1711 1067 Denique
1751 1012 1938 1069 Opufcula

343 1073 522 1114 nonnulla
562 1072 735 1114 hal-‘lenus
774 1073 854 1113 luce
884 1072 1048 1112 carentia
1078 1071 1224 1121 adjeci,
1266 1070 1325 1110 uti
1354 1067 1405 1109 <5⁶
1436 1068 1617 1125 insignem
1648 1071 1787 1121 copiam
1817 1075 1938 1111 Num-

344 1147 485 1172 morum
524 1131 639 1173 medii
677 1132 791 1172 aevi.
830 1133 947 1190 Qme
983 1131 1127 1182 omnia,
1167 1128 1238 1183 nisi
1269 1144 1327 1168 me
1365 1144 1464 1169 meus
1494 1145 1597 1168 amor
1626 1127 1767 1183 fallit,
1797 1130 1836 1184 si
1867 1145 1940 1170 non

345 1192 493 1242 omnino
532 1190 763 1246 exprimere,
798 1188 938 1243 saltem
975 1188 1194 1228 adumbrare
1233 1203 1304 1227 non
1335 1187 1475 1227 leviter
1509 1184 1660 1243 poffunt
1691 1189 1827 1229 ltaliae
1856 1204 1941 1228 con·

345 1250 524 1291 ditionem
565 1264 606 1289 ac
636 1248 778 1302 statum
800 1279 812 1300 ,
856 1248 944 1288 dum
987 1263 1101 1288 mores
1141 1246 1347 1301 viguerunt
1367 1275 1380 1298 ,
1423 1260 1512 1300 quos
1554 1246 1772 1286 Barbaricas
1814 1246 1856 1286 ειέ
1896 1246 1942 1287 de

345 1307 471 1361 caussd
500 1308 687 1363 appellare
726 1304 1009 1360 consuevimus,
1050 1305 1147 1360 quod
1186 1305 1313 1344 collati
1350 1319 1431 1343 cum
1471 1304 1658 1359 elegantia
1687 1303 1737 1344 Θ
1776 1305 1942 1346 Ᾰοέῗνὶηα

346 1368 464 1408 trium
494 1366 730 1406 Saeculorum
757 1365 924 1422 proxime
951 1365 1262 1420 praeteritorum,
1293 1361 1499 1403 barbariem
1526 1361 1717 1421 praeferre
1745 1365 1848 1404 nobis
1880 1365 1944 1403 vi-

346 1427 529 1467 deantur.

461 1486 596 1537 Atque
626 1481 707 1523 beic
737 1481 876 1522 multae
906 1480 1003 1522 mibi
1044 1479 1230 1535 agendae,
1270 1477 1529 1533 habendaeque
1563 1478 1658 1531 sunt
1685 1480 1835 1535 gratiae
1865 1483 1946 1520 N-

346 1541 483 1584 bilibus
517 1541 617 1586 Viris
659 1539 782 1581 Sociis
821 1538 1007 1580 Palatinis
1049 1536 1433 1588 Mediolanenfibus,
1471 1538 1538 1591 qui
1567 1537 1738 1590 studium
1767 1554 1857 1594 erga
1887 1555 1945 1580 me

339 1602 455 1657 suum
485 1600 595 1640 novis
625 1599 862 1639 cumularunt
893 1597 1100 1653 beneficiis.
1135 1597 1206 1636 Vix
1238 1595 1337 1635 enim
1368 1593 1577 1647 absolutum
1609 1596 1674 1636 hoc
1703 1613 1726 1636 a
1755 1612 1813 1638 me
1842 1600 1945 1652 Opus

346 1660 548 1710 audivere,
585 1673 699 1713 quum
730 1656 935 1710 obstetrices
965 1655 1062 1696 mihi
1093 1653 1220 1694 manus
1252 1653 1464 1694 obtulerunt
1494 1654 1542 1693 ad
1572 1654 1808 1710 magnificam
1840 1656 1945 1696 illius

349 1718 654 1772 emendatamque
685 1715 908 1767 editionem,
939 1713 1040 1754 nibil
1071 1713 1232 1753 reveriti
1262 1725 1318 1752 tot
1350 1715 1553 1763 Nummos,
1592 1713 1755 1767 Sigilla,
1795 1714 1944 1769 aliaque

349 1776 613 1832 Antiquitatis
645 1772 865 1829 fragmenta
895 1789 978 1814 aere
1017 1771 1238 1824 incidenda,
1277 1786 1319 1811 ac
1348 1782 1405 1810 tot
1435 1772 1622 1823 Chai-tas,
1662 1787 1820 1826 quarum
1860 1772 1946 1812 bar-

350 1837 469 1878 baries
508 1835 616 1890 longe
646 1833 850 1873 uberiorem
889 1848 1014 1873 curam
1046 1829 1232 1887 exposcit,
1271 1845 1383 1884 quam
1413 1829 1594 1885 elegantis
1625 1831 1796 1886 Linguae
1834 1832 1947 1871 Lati-

351 1912 420 1937 nae
459 1905 698 1934 monumenta
721 1908 736 1932 .·
785 1906 900 1945 quum
930 1889 1084 1945 solicite
1132 1887 1379 1942 conservandi
1417 1889 1458 1929 in
1505 1888 1551 1928 iis
1586 1887 1668 1942 sint
1710 1888 1948 1943 Bai-barismi

350 1952 513 2010 quilibet
551 1967 592 1992 ac
629 1948 868 2004 Soloecismi,
907 1949 1081 2004 nihilque
1112 1947 1169 2002 fit
1209 1946 1482 1988 immutandum
1521 1946 1566 1987 de
1596 1947 1770 2003 rubigine
1799 1949 1950 1988 rudium

353 2013 502 2054 illorum
541 2009 800 2051 Saeculorum.
841 2011 928 2048 Non
965 2007 1145 2063 postrema
1176 2006 1263 2046 haec
1294 2005 1344 2057 est
1373 2002 1497 2060 cauffa
1522 2006 1746 2060 gratulandi
1775 2007 1951 2062 tempori-

353 2072 417 2112 bus
447 2069 604 2125 nostris,
649 2068 782 2123 quibus
822 2067 977 2107 Nobiles
1019 2067 1134 2106 etiam
1173 2065 1255 2104 viri
1286 2063 1402 2118 suum
1432 2064 1562 2104 Libris
1601 2063 1752 2105 edendis
1786 2066 1951 2121 patroci-

354 2131 458 2171 nium
502 2127 749 2184 impertiunt,
792 2126 848 2165 ita
889 2138 932 2165 ut
971 2123 1173 2181 optandum
1214 2122 1466 2163 tantummodo
1502 2120 1697 2178 supersit,
1743 2136 1785 2163 ut
1819 2123 1951 2178 segnis

355 2203 451 2229 nunc
480 2184 531 2226 (δ’
562 2185 666 2242 quasi
697 2185 902 2225 dormitans
932 2183 1050 2224 ltalia
1071 2181 1164 2236 suas
1203 2181 1305 2221 vires
1335 2181 1485 2221 tandem
1516 2194 1661 2232 exerat,
1700 2183 1951 2236 maioremque

355 2247 528 2287 honorum
559 2244 758 2285 Librorum
789 2243 930 2296 copiam
956 2241 1184 2299 procudens,
1226 2239 1408 2296 ejusmodi
1436 2238 1618 2294 subsidiis
1649 2239 1781 2281 oblatis
1811 2241 1851 2280 in
1879 2252 1950 2296 pu-

356 2306 489 2347 blicam
516 2303 785 2362 privatamque
816 2301 962 2343 laudem
994 2312 1148 2341 utatur.

1836 2589 1915 2625 DE
