2195 3032
501 230 577 272 151
798 211 1188 269 ANTIQUIT.
1238 211 1467 256 MEDII
1511 214 1684 258 AEVI
1900 235 1975 276 152

434 287 473 311 ae
499 274 622 310 Italiae
649 275 723 309 Rex
745 271 1011 316 decernebatur,
1042 275 1070 307 is
1091 271 1189 310 simul
1222 284 1252 318 Α
1284 272 1346 307 ille
1388 272 1535 323 scribit)

433 325 672 373 designabatur
693 324 725 358 δε
751 322 887 358 futurus
912 333 985 358 erat
1015 326 1187 360 Romano-

432 389 509 411 rum
540 377 753 422 Imperator,
791 387 832 409 eo
859 373 929 408 fere
959 374 1081 422 paE‘to,
1119 390 1188 423 quo

432 426 555 461 nostris
600 423 814 472 temporibus
858 424 1072 474 quicumque
1114 430 1187 463 Rex

432 479 673 511 Romanorum
696 476 951 522 proclamatur,
981 487 1113 513 certum
1135 478 1187 526 jus

431 525 656 573 consequitur
684 525 725 559 ad
763 526 961 574 Imperialis
988 527 1093 563 etiam
1125 529 1185 564 Di·

430 576 578 625 gnitatis
598 576 744 611 titulum
765 577 799 611 8<
821 578 981 613 culmen:
1009 578 1071 613 nifi
1094 580 1185 625 quod

430 627 520 661 olim
559 636 597 661 ut
633 639 760 661 nomen
797 628 830 662 8<
868 627 945 663 usus
988 629 1186 678 Augustalis

430 676 631 725 Dignitatis
659 677 726 712 rite
754 678 1003 722 assumeretur,
1040 693 1127 728 opus
1154 694 1179 715 e-

428 739 483 762 rat
505 727 748 763 Coronatione
770 731 926 763 Romana
940 756 947 763 .
966 732 1086 777 Atque
1102 730 1185 765 haec

430 778 551 813 omnia
592 778 611 812 a
653 779 804 813 Summis
848 779 1103 824 Pontificibus,
1145 781 1184 816 ad

428 842 516 876 quos
546 828 728 877 praecipue
756 829 952 877 pertinebat
992 833 1180 879 Imperato-

428 892 506 914 rum
550 878 710 923 Elefflo,
754 879 958 915 censendum
1003 881 1047 916 est
1087 881 1184 917 fuiffe

431 929 586 964 concessa
615 939 674 964 aut
702 930 813 965 tacito
836 931 1020 976 consensu,
1048 941 1108 968 aut
1128 947 1179 968 ex-

429 979 546 1028 preffis
575 980 707 1028 paffcis,
735 990 795 1016 aut
814 981 865 1016 ita
886 981 1047 1018 suadente
1067 993 1184 1027 metu,

430 1043 538 1077 quum
569 1031 665 1066 nulla
697 1032 900 1079 plerumque
926 1032 1105 1069 obsistendi
1134 1048 1182 1069 ra·

428 1080 483 1115 tio
504 1080 594 1116 foret
617 1091 752 1116 armato
777 1083 863 1131 Regi
885 1083 1025 1118 Italiam
1054 1084 1182 1119 intran-

428 1131 457 1166 ti
473 1159 481 1174 ,
510 1133 542 1166 ἃ
573 1132 690 1167 ltalici
712 1133 824 1177 Regni
847 1134 1040 1180 potentiam
1062 1136 1094 1169 δε
1116 1137 1183 1171 Co-

428 1195 551 1216 ronam
590 1183 736 1230 adepto.
777 1185 942 1218 Ceterum
985 1185 1074 1221 mihi
1112 1187 1183 1222 veri

426 1231 569 1267 videtur
605 1232 737 1277 fimile,
774 1247 846 1268 non
882 1243 954 1270 tam
983 1235 1056 1271 cite>
1091 1236 1183 1271 exci-

426 1281 511 1316 diffe
540 1283 593 1329 jus
623 1283 827 1319 Italicorum
858 1285 1061 1332 Principum
1083 1287 1119 1321 in
1141 1289 1180 1321 E.

426 1331 581 1366 leffione
604 1334 758 1380 Regum.
787 1337 876 1368 Otto
903 1335 1121 1383 Frifingenfis
1141 1340 1181 1371 E-

427 1381 610 1430 piscopus,
639 1383 769 1418 nobilis
792 1384 1009 1428 Historicus,
1037 1386 1184 1421 referens

426 1432 502 1468 aeta
526 1432 695 1468 Friderici
717 1435 744 1469 Ι.
764 1434 911 1482 Augusti
934 1437 1085 1484 Nepotis
1111 1435 1183 1477 sui,

424 1483 508 1518 Lib.
537 1495 569 1518 2.
607 1485 695 1531 Cap.
736 1496 765 1519 Ι.
802 1485 843 1520 de
878 1486 968 1521 Gest.
1005 1486 1182 1533 ejusdem,

423 1533 547 1568 aufflor
573 1534 639 1576 est,
677 1548 746 1569 non
774 1534 917 1571 defuisse
953 1536 1055 1583 hujus
1084 1538 1179 1573 Prin-

424 1583 514 1631 cipis
534 1584 712 1619 Eleffiioni
741 1585 906 1631 quosdam
935 1587 1059 1622 Italiae
1078 1588 1177 1635 Opti·

423 1644 554 1670 mateS.
585 1637 621 1669 In
648 1635 788 1682 Oppido,
818 1635 936 1683 inquit
964 1637 1047 1681 ille,
1076 1641 1178 1672 Fran-

423 1685 562 1727 conefzfrt
599 1686 639 1719 de
680 1697 745 1720 tam
784 1686 931 1731 immensa
974 1688 1182 1735 Transalpini

425 1736 535 1781 Regni
559 1736 751 1779 latitudine,
779 1737 958 1781 universnm
979 1737 1114 1784 (mirum
1132 1741 1178 1773 di-

423 1785 526 1833 Hus)
563 1786 746 1833 Principum
774 1790 884 1831 robur,
922 1801 981 1822 non
1009 1788 1081 1830 fine
1114 1790 1178 1836 qui-

423 1836 554 1880 busdam
581 1850 618 1870 ex
643 1837 744 1871 Italia
779 1838 959 1872 Baronibus
975 1866 984 1880 ‚
1022 1849 1180 1886 tamquam

425 1887 460 1920 in
487 1900 583 1921 utntm
618 1899 724 1934 corpus
758 1889 930 1922 coadunari
960 1890 1083 1936 potuit.
1124 1891 1182 1925 Ubi

424 1949 519 1984 quum
544 1939 584 1971 de
609 1938 751 1985 eligendo
774 1939 921 1984 Principe
940 1940 1095 1975 Primates
1114 1955 1178 1975 con-

416 1988 605 2032 saltarent:
638 2003 712 2023 nam
739 1989 773 2023 id
792 1989 882 2034 juris
907 1992 1047 2025 Romani
1082 1994 1176 2038 Impe-

421 2038 465 2072 rii
499 2049 602 2085 apex,
643 2039 793 2074 videlicet
827 2054 887 2074 non
922 2051 977 2086 per
1009 2041 1180 2087 sanguin&

417 2089 620 2135 propaginem
656 2090 857 2134 descendere,
887 2090 946 2135 sed
975 2102 1032 2138 per
1057 2092 1176 2126 Princi-

419 2150 494 2185 pum
522 2139 713 2174 EleHionem
740 2145 844 2187 Reges
868 2154 988 2185 creare,
1009 2142 1075 2183 fibi
1100 2154 1178 2177 tara-

422 2202 515 2236 qaam
542 2204 579 2224 ex
600 2191 760 2236 singulari
782 2193 1008 2239 praerogativa
1035 2194 1101 2227 &a
1121 2195 1176 2236 Ju-

422 2250 484 2275 vat
521 2240 659 2285 insuper
695 2241 826 2277 adferre
862 2256 949 2289 quae
989 2243 1091 2278 habet
1128 2245 1174 2278 A·

422 2291 567 2326 mandus
595 2293 610 2326 a
642 2293 788 2328 Secretis
817 2292 919 2341 ipsius
949 2294 1119 2329 friderici
1151 2296 1175 2329 l.

420 2339 459 2374 in
488 2340 599 2377 Libro
627 2342 667 2378 de
697 2343 820 2391 primis
849 2343 951 2379 Αξὶίε
979 2345 996 2379 ὲ
1026 2344 1174 2380 Prideri-

421 2403 464 2425 co
491 2390 527 2425 in
552 2393 704 2433 Imperio
732 2394 901 2439 peraffls,
929 2408 1032 2442 quern
1062 2395 1174 2431 lauda-

419 2450 497 2475 tum
526 2441 597 2476 vidi
629 2445 646 2477 a
676 2457 783 2492 nuper
811 2455 1006 2480 memorato
1033 2446 1174 2481 Gewol-

420 2489 466 2524 do
492 2491 742 2534 Jurisconsulto
763 2495 975 2531 Germanico
996 2496 1033 2531 in
1054 2497 1174 2532 eodem

420 2541 592 2579 Tra&atu
618 2545 704 2595 Cap.
733 2547 768 2583 6.
794 2550 895 2583 Anno
922 2549 1069 2584 MCLII.
1099 2546 1175 2596 (ita

1573 276 1666 310 multi
1703 275 1838 317 illustres
1864 280 1978 313 Heroes
2004 292 2039 314 ex

1284 325 1502 369 Lambardia,
1539 326 1676 371 Tuscia,
1703 327 1890 371 januensi,
1927 330 1969 362 (9⁶
2003 345 2039 364 a·

1280 375 1337 408 liis
1362 376 1478 411 Italiae
1510 377 1687 421 dominiis,
1722 391 1759 412 ac
1784 377 1884 422 major
1910 379 1953 412 <9¹
1982 390 2039 426 po.

1281 425 1341 458 tior
1363 437 1440 473 pars
1463 428 1646 474 Principum
1674 428 1706 462 in
1736 429 1950 475 Transalpino
1973 434 2040 464 Re.

1276 488 1340 521 gno
1366 489 1574 512 convenerunt
1602 479 1634 513 in
1663 480 1742 513 Urbe
1766 479 2038 522 Francofurtenst.

1281 527 1376 560 Tum
1404 526 1542 571 subdit,
1569 542 1691 564 omnes
1719 529 1949 565 concordibus
1974 543 2037 566 vo-

1282 576 1327 611 tis
1363 576 1400 611 in
1436 577 1657 614 Blestionem
1695 579 1865 615 Friderici
1895 582 1923 615 1.
1956 594 2039 615 con-

1282 625 1429 662 senfiffe.
1458 630 1574 673 Quare
1602 630 1671 677 jam
1701 630 1839 674 videas,
1868 643 1937 665 non
1959 631 2037 666 unis

1281 677 1489 713 Germaniae
1519 679 1754 724 Primaribus,
1782 694 1894 727 eoque
1921 681 2038 716 minus

1281 727 1358 762 unis
1379 729 1607 776 Septemviris
1628 731 1850 765 Elefiimribus
1869 731 1956 765 olim
1979 731 2038 766 da-

1279 787 1354 812 tum
1380 791 1492 814 creare
1518 780 1608 828 posse
1634 783 1788 829 Regem,
1815 794 1854 816 ac
1879 780 2036 817 futurum

1280 832 1528 876 Imperatorem
1543 858 1553 875 ,
1582 830 1636 866 sed
1665 831 1802 867 Italicis
1822 844 1960 878 quoque
1982 832 2035 880 jus

1278 878 1370 913 idem
1391 878 1511 925 fuisse,
1539 895 1577 915 ac
1599 891 1778 930 propterea
1799 883 1950 917 nimium
1973 895 2037 918 nu-

1279 939 1373 973 tare,
1408 943 1496 977 quae
1534 933 1756 967 Hermannus
1790 932 2035 981 ConringiuS‚

1281 979 1336 1014 vir
1360 979 1493 1027 alioqui
1521 980 1701 1029 singularis
1720 982 1952 1026 eruditionis,
1976 983 2036 1018 ha-

1280 1030 1337 1064 bet
1373 1030 1410 1065 in
1441 1031 1550 1067 Libro
1578 1032 1619 1067 de
1647 1032 1763 1067 Finib.
1796 1034 1922 1081 Imper.
1949 1035 2035 1068 Ger-

1280 1093 1370 1115 man.
1408 1081 1491 1117 Lib.
1525 1094 1558 1118 2.
1594 1084 1683 1131 Cap.
1723 1095 1777 1130 19.
1806 1084 1839 1131 §.
1869 1085 1928 1119 28.
1965 1086 2038 1117 Huc

1276 1131 1354 1173 facit
1392 1130 1497 1178 (sunt
1533 1133 1607 1180 ejus
1644 1134 1779 1181 verba)
1818 1135 1900 1180 quod
1935 1134 2037 1168 Italia

1278 1195 1395 1215 omnem
1412 1193 1510 1229 paene
1534 1184 1713 1229 potestatem
1732 1184 1877 1228 Caesaris
1895 1194 1952 1218 aut
1969 1188 2035 1218 Re-

1274 1233 1327 1279 gis
1362 1233 1587 1278 constituendi,
1623 1235 1758 1280 adeoque
1783 1233 1875 1278 ejus,
1912 1237 1965 1281 qui
1992 1234 2039 1267 Θ·

1281 1283 1373 1316 Italis
1398 1284 1539 1318 omnibus
1559 1285 1733 1331 imperandi
1755 1283 1811 1329 jus
1834 1285 1948 1318 habeat
1963 1311 1975 1327 ,
1998 1297 2035 1317 u-

1280 1333 1314 1366 ni
1339 1334 1526 1368 Germaniae
1550 1335 1629 1368 citra
1655 1348 1773 1368 omnem
1799 1334 2037 1375 controveifiam

1280 1395 1447 1428 nmnquam
1474 1397 1533 1417 non
1560 1383 1749 1429 concefferit,
1778 1398 1813 1417 ex
1839 1397 1896 1430 quo
1916 1386 1956 1418 ab
1978 1389 2033 1416 Or.

1280 1442 1347 1465 tone
1377 1432 1447 1475 fuit
1480 1433 1628 1468 devina.
1664 1434 1770 1468 Alios
1806 1446 1923 1468 mores.
1956 1446 2035 1481 pro-

1279 1482 1386 1529 gressu
1414 1483 1583 1532 temporis
1609 1484 1824 1528 Germania,
1848 1485 1938 1520 alios
1963 1485 2034 1519 Ita-

1281 1533 1324 1567 lia
1352 1532 1419 1568 hoc
1446 1533 1483 1568 in
1511 1535 1657 1583 negotio
1684 1534 1799 1582 cepit.
1828 1536 1920 1571 Nam
1942 1533 2033 1583 aput}

1282 1584 1386 1617 [talos
1432 1583 1605 1620 crescente
1650 1585 1810 1633 potentia
1851 1585 2003 1620 Urbium
2020 1612 2033 1629 ‚

1275 1646 1360 1680 quae
1387 1633 1456 1682 jam
1486 1635 1713 1683 Reipublicae
1740 1635 1888 1670 formam
1909 1636 2034 1670 affurn-

1278 1693 1409 1726 1erant‚
1436 1697 1557 1720 omnes
1584 1684 1654 1720 fere
1682 1684 1868 1733 Episcopi,
1897 1686 1932 1720 &
1959 1687 2032 1733 ple·

1278 1734 1375 1780 rique
1402 1733 1589 1770 saeculares
1617 1735 1798 1783 Principes
1824 1735 1893 1770 suis
1921 1735 2032 1770 ditio-

1276 1785 1404 1827 nibus,
1441 1785 1507 1820 hoc
1537 1785 1581 1821 est
1617 1785 1863 1821 dominatione
1890 1785 2031 1821 Civita-

1277 1844 1350 1870 tum
1378 1837 1411 1870 8<
1439 1836 1638 1871 Castrorum
1666 1835 1811 1885 spoliati
1836 1835 1944 1879 sunt,
1978 1844 2031 1871 at-

1277 1899 1342 1933 que
1370 1886 1407 1921 in
1428 1900 1466 1921 ea
1494 1887 1757 1934 perturbatione
1782 1900 1896 1922 rerum
1925 1887 1978 1935 jus
1996 1900 2031 1922 e-

1277 1937 1359 1971 tiarn
1393 1937 1582 1973 amiserunt
1618 1937 1851 1973 conveniendi
1882 1937 1924 1972 ad
1963 1939 2031 1973 Re-

1275 2000 1355 2034 gum
1371 1988 1404 2022 8<
1421 1987 1606 2024 Caesarum
1629 1988 1848 2023 Elefflionem
1861 2015 1872 2023 .
1888 1989 1927 2022 In
1942 1990 2029 2023 Ger-

1275 2037 1389 2072 mania
1416 2051 1526 2083 vero,
1564 2047 1602 2074 ut
1638 2038 1792 2074 faciliori
1821 2037 1879 2073 via
1906 2038 2028 2073 eadem

1275 2087 1414 2123 Elefitio
1434 2099 1675 2137 perageretur,
1702 2088 1819 2124 sensim
1850 2088 2028 2137 suffragio-

1275 2152 1349 2173 rum
1375 2139 1427 2186 jus
1450 2139 1626 2174 redae‘mm
1653 2139 1752 2174 estad
1775 2141 1911 2186 Septem
1933 2151 2027 2187 prae-

1273 2189 1393 2233 cipuos
1421 2189 1624 2237 amplissimi
1652 2189 1751 2224 illius
1780 2188 1920 2236 Regni,
1957 2188 2028 2224 five

1274 2238 1501 2287 Reipublicae
1530 2241 1712 2283 Proceres,
1740 2239 1800 2287 qui
1827 2251 1918 2274 nunc
1946 2240 2027 2274 Ele-

1271 2290 1382 2325 &ores
1410 2289 1597 2338 dicuntur;
1635 2291 1668 2324 &
1706 2289 1867 2338 proxime
1895 2298 2028 2337 praete-

1271 2340 1340 2375 rito
1367 2341 1511 2375 Saeculo
1539 2340 1672 2375 duobus
1700 2340 1829 2375 additis
1849 2339 1889 2375 ad
1918 2352 2025 2375 nove-

1269 2390 1406 2426 narium
1433 2403 1615 2426 numerum
1645 2391 1921 2426 assurrexerunt.
1957 2392 2026 2426 Ce-

1270 2452 1381 2476 terum
1413 2441 1660 2477 vetustioribus
1698 2442 1852 2477 Saeculis
1888 2454 1958 2476 non
1986 2440 2026 2476 in

1268 2491 1484 2536 Germania,
1521 2491 1575 2528 sed
1613 2491 1738 2527 Ticini
1769 2492 1807 2528 in
1835 2490 2025 2541 magnifico

1268 2542 1474 2578 italicorum
1503 2542 1707 2592 Principum
1735 2552 1911 2579 conventu
1928 2570 1939 2586 ‚
1966 2553 2024 2591 pe-

1875 2605 1971 2642 rage-
