2195 3032
181 242 260 271 221

120 287 170 325 set·
174 287 267 322 iblt.

117 341 147 373 C
148 353 177 373 a·
179 339 230 372 olo
251 347 388 383 acceptus
408 335 496 379 fuit,
523 343 560 367 ut
582 332 793 379 appellaretur
812 334 871 366 Im-

115 399 173 437 per
159 400 238 424 ator
238 388 271 422 is
297 385 484 429 Deliciosus.
517 385 740 418 Memoratur
766 382 874 418 etiam

118 440 158 476 in
196 435 366 474 Hadriani
396 437 421 468 1.
451 435 562 481 Papae
589 433 677 468 Vita
707 432 796 480 apud
824 434 873 468 A.

117 488 294 526 nastafium
315 483 631 520 Bibliothecarium
646 484 793 518 „Albinus
809 487 871 518 De-

118 539 241 584 liciosus
265 535 360 582 ipsius
386 535 507 582 Regis,
536 534 619 570 idest
645 535 768 570 Caroli
795 535 874 570 Ma·

118 589 206 639 gni,
243 589 396 634 Legatus
433 585 474 621 ab
503 599 545 621 eo
583 586 700 621 miffus
737 585 775 620 in
805 587 873 621 Ita·

119 639 205 675 liam
226 639 332 672 Anno
357 638 629 673 DCCLXXIH.
645 635 773 672 Censet
793 638 874 672 Cla-

119 687 269 724 riffimus
294 687 530 722 Mabillonius
555 687 593 722 in
618 686 788 722 Annalib.
814 688 874 722 Be-

117 738 287 774 nedie'tin.
318 737 492 772 Albinum
520 737 612 772 hunc
641 738 750 773 alium
778 737 876 773 fuiffe

121 790 161 825 ab
190 789 373 833 Alcuino,
411 787 479 823 five
508 788 644 823 Albino
672 787 875 832 Monacho,

121 853 223 888 quem
249 852 356 882 nuper
381 838 594 874 memoravi.
624 840 707 874 Non
733 837 875 883 obfisto,

120 890 176 926 sed
203 889 339 925 fortasse
370 902 440 924 non
470 888 652 925 immerito
679 888 876 934 Sigebertus

116 940 314 976 Alcuinum
339 939 451 988 ipsum
473 939 691 976 Monachum
717 939 872 975 Delicio-

120 990 194 1026 sum
222 990 343 1027 Caroli
371 990 498 1039 Magni
526 990 708 1026 affirmasse
736 990 877 1035 potuit.

123 1043 163 1077 In
190 1043 283 1089 Lege
310 1041 577 1089 Bajuvariorum
602 1042 688 1089 Cap.
716 1042 793 1076 XV.
819 1040 874 1075 ha-

125 1094 243 1127 betur:
273 1093 312 1126 Si
337 1095 455 1126 Servus
477 1092 607 1126 liberum
629 1091 811 1135 furaverit,
837 1095 879 1125 (9‘

123 1143 325 1186 vendiderit,
360 1153 416 1178 aut
447 1155 559 1176 manus
589 1144 703 1189 perdat
728 1152 784 1177 aut
812 1155 877 1176 ocu-

122 1194 185 1228 los.
211 1199 236 1226 5
238 1193 287 1226 ine
305 1193 394 1239 signo
418 1206 586 1240 numquam
608 1194 747 1236 evadat,
772 1204 877 1239 quam-

122 1244 175 1278 v'is
201 1243 373 1288 Deliciosus
391 1243 438 1285 sit
464 1244 549 1291 apud
576 1244 746 1278 Dominum
767 1243 881 1288 suum.

125 1296 205 1339 Qua
232 1307 275 1330 ex
303 1296 398 1343 Lege
432 1293 651 1342 agnofcimus
668 1321 677 1338 ‚
706 1293 881 1329 interdum

123 1344 239 1379 Servis
275 1344 382 1380 etiarn
414 1344 569 1380 delatum
607 1344 704 1379 fuiffe
735 1345 880 1379 titulum

125 1394 294 1435 Deliciofi.
332 1396 414 1429 Uno
443 1395 572 1429 verbo:
604 1395 789 1437 Delicatus,
818 1397 876 1428 De-

124 1444 246 1488 lssciofiis
272 1443 364 1480 nihil
401 1443 496 1480 aliud
533 1443 744 1492 significavit
771 1443 881 1485 olim,

125 1493 190 1530 nifi
218 1495 387 1539 Βὶίεέἶιις,
419 1497 542 1538 Carus,
578 1495 612 1528 ὃ(
641 1493 778 1529 honesta
807 1494 884 1541 qui-

125 1544 203 1580 dem
222 1544 476 1593 significatione
491 1544 633 1580 rudibus
654 1544 691 1579 in
708 1544 860 1579 Saeculis
875 1572 882 1579 .

179 1597 333 1630 Fuerunt
363 1596 396 1630 δε
418 1595 571 1638 Juniorcs
606 1597 729 1628 Ducum
756 1594 799 1627 θ’
825 1597 878 1628 Co-

125 1644 257 1688 mitum,
294 1645 335 1680 de
363 1644 489 1691 quibus
518 1644 628 1679 multa
666 1657 728 1691 pro
765 1642 822 1678 sua
850 1657 876 1678 e-

123 1694 302 1730 ruditione
329 1694 433 1730 habet
461 1693 690 1742 Du·Cangius
719 1693 755 1729 in
781 1693 874 1729 Glos-

124 1745 214 1780 sario
242 1745 398 1790 Latino,
425 1746 458 1780 8<
487 1758 636 1792 quorum
658 1758 728 1780 non
749 1744 792 1779 est
818 1744 879 1780 mi-

125 1795 164 1831 hi
206 1795 375 1831 memoria
416 1795 691 1831 contemnenda.
733 1797 882 1831 Carolus

125 1848 279 1893 Magnus
305 1846 343 1881 in
371 1846 524 1895 Epistola
552 1846 593 1881 ad
632 1845 821 1894 Pippinum
852 1848 878 1881 1-

127 1896 233 1932 taliae
263 1899 393 1945 Regem
421 1896 518 1932 suum
546 1896 684 1940 filium,
717 1898 808 1932 Part.
838 1899 882 1932 II.

127 1947 237 1983 Tomi
268 1949 293 1982 Ι.
325 1950 403 1983 Rer.
444 1947 594 1983 italicar.
634 1959 708 1995 pag.
740 1959 821 1983 112.
849 1947 881 1983 se

126 1997 291 2045 accepisse
319 1998 390 2042 ait,
418 2000 499 2045 quod
524 1998 627 2044 aliqui
652 2000 755 2032 Duces
774 1998 818 2032 Θ·
836 2011 878 2032 eo-

129 2061 196 2083 rum
222 2048 401 2092 juniores,
438 2049 624 2093 Gastala'ii,
663 2048 803 2092 Vicarii,
841 2049 884 2083 ἔθ’

127 2099 311 2133 Centenarii
330 2127 340 2143 ,
375 2099 432 2143 seu
475 2099 590 2146 reliqui
630 2098 882 2143 Minisleriales‚
919 2109 947 2142 E

130 2150 333 2194 ademarii,
364 2153 551 2192 Venatores‚
579 2150 623 2183 &¹
640 2150 732 2184 ceteri
746 2161 803 2196 per
815 2149 883 2191 fin-

126 2201 205 2247 gula
235 2200 391 2234 territoria
425 2201 607 2235 habitantes
641 2214 677 2235 ac
710 2200 880 2244 discurren-

131 2261 194 2293 tes,
213 2251 434 2289 mansionatica
454 2252 498 2286 <9¹
512 2251 711 2298 paravereda
729 2252 886 2297 accipiant

132 2313 191 2335 non
213 2301 314 2344 foliam
339 2303 377 2335 de
409 2302 517 2336 liberis
543 2302 740 2344 hominibus,
771 2302 830 2346 sed
856 2315 882 2335 e·

131 2351 211 2386 tiam
241 2352 279 2385 de
305 2352 450 2387 Ecclesiis
476 2353 565 2396 Dei,
594 2353 661 2387 &a
702 2354 887 2401 Propterea

131 2400 263 2437 censuit
289 2402 380 2438 idem
404 2403 631 2452 Du-Cangius
660 2401 719 2438 sub
740 2402 805 2438 hoc
827 2416 885 2438 no-

131 2451 227 2487 mine
255 2452 382 2488 venisse
417 2454 632 2499 Magistratus
659 2454 700 2487 &¹
727 2453 886 2497 Officiales

132 2503 310 2545 Comitum,
337 2504 391 2539 vel
409 2506 543 2547 Iudices
569 2505 723 2548 inferioris
743 2504 862 2538 ordinis
876 2533 884 2547 ‚
902 2514 905 2554 1

130 2555 187 2599 qui
212 2552 382 2599 majoribus
402 2554 576 2598 suberant.

613 2558 699 2591 Sunt
727 2554 789 2601 qui
817 2557 906 2598 „sn-4

464 220 975 269 DISSERTATIO
1042 221 1385 281 OUARTA.

1588 235 1671 263 222

308 287 418 322 Tanta
439 282 664 329 familiaritate
694 282 878 328 Imperatori
907 285 940 319 A
974 282 1072 316 niores
1042 264 1240 317 &Ducum
1284 281 1560 335 interpretantur
1609 289 1730 314 eorum

973 333 1097 368 filios.
1126 334 1178 368 At
1205 332 1280 369 veri
1307 330 1456 367 fimilius
1473 357 1483 374 ,
1519 341 1631 365 lmmo
1659 343 1732 365 cer-

973 393 1049 418 tum
1091 383 1242 419 arbitror
1261 411 1272 428 ‚
1314 381 1415 418 hosce
1457 393 1596 428 quoque
1637 379 1730 416 inter

976 433 1205 476 Minister-iales
1232 434 1329 470 fuiss‘e
1357 431 1541 468 recensltos
1559 458 1569 474 ‚
1606 431 1732 478 eosque

973 484 1093 529 fuisse,
1131 484 1193 533 qui
1220 484 1258 521 in
1285 483 1408 532 aliquo
1435 480 1628 518 ministerio
1659 484 1734 519 Du-

973 535 1069 571 cibus
1097 536 1130 570 δε
1158 535 1364 571 Comitibus
1403 532 1640 577 inservirent,
1678 532 1734 570 uti

972 599 1065 622 nune
1086 585 1163 622 sunt
1184 585 1349 629 Ostiarii,
1378 582 1549 620 praesceti
1570 583 1731 629 culinae,

971 637 1102 673 stabulo
1120 663 1130 681 ,
1159 635 1320 671 vestiario
1336 662 1346 678 ,
1373 633 1518 670 tributis
1545 633 1699 670 militiae
1716 661 1729 679 ,

972 686 1177 730 venationi,
1197 688 1263 721 &c.
1283 684 1448 721 Custodes
1470 684 1645 731 corporis,
1673 697 1732 720 cu·

971 747 1101 773 ratores
1129 737 1289 781 viarum,
1331 747 1494 784 aggerum
1523 735 1588 768 &e
1617 737 1731 770 Oeco-

973 788 1097 832 nomi,
1128 786 1295 830 Notarii,
1323 787 1456 833 aliique
1484 784 1608 820 horum
1638 784 1732 821 fimi-

974 841 1045 882 les,
1081 838 1143 886 qui
1170 837 1327 873 nobilem
1355 834 1555 879 familiam,
1593 848 1631 870 ae
1659 835 1733 871 Mi.

975 889 1096 924 nistros
1125 891 1263 924 Ducum
1286 888 1318 922 8<
1339 886 1526 922 Comitum
1546 894 1630 920 tunc
1652 898 1734 920 con-

974 939 1186 975 stituebant.
1224 940 1328 974 Nunc
1356 950 1413 973 eos
1440 934 1581 981 &fficiali
1617 936 1734 983 appel-

975 992 1111 1025 lamus.
1149 991 1201 1024 Ut
1228 989 1317 1024 olim
1354 985 1507 1023 Hebraei
1536 987 1570 1021 8<
1607 985 1734 1023 Latini

977 1044 1092 1076 Pueros
1119 1040 1340 1088 appellarunt
1367 1038 1519 1073 Famulos
1544 1036 1622 1072 suos
1638 1064 1648 1081 ,
1685 1036 1737 1072 ita

976 1090 1182 1138 subsequuta
1219 1089 1361 1125 Saecula
1398 1087 1580 1137 appellasse
1613 1087 1737 1123 viden-

976 1151 1032 1178 tur
1059 1141 1237 1186 Juniores.
1273 1141 1325 1175 Et
1361 1138 1439 1174 sane
1475 1151 1583 1187 quum
1622 1140 1735 1174 Duces

975 1194 1009 1228 8<
1037 1191 1199 1228 Comites
1237 1190 1281 1227 iis
1309 1189 1464 1226 Saeculis
1501 1188 1630 1225 illustre
1660 1202 1735 1225 mu.

978 1256 1067 1286 nus,
1098 1244 1131 1278 δε
1160 1241 1309 1291 speciem
1337 1240 1524 1288 quamdam
1555 1239 1734 1288 Principa-

977 1303 1033 1330 tus
1061 1293 1098 1329 in
1125 1292 1285 1341 regendis
1314 1290 1459 1340 Populis
1485 1299 1665 1339 gererent,
1702 1303 1737 1325 e-

977 1352 1054 1379 rant
1083 1344 1136 1379 eis·
1162 1351 1342 1391 propterea
1379 1340 1596 1389 multiplices
1623 1340 1738 1376 Mini-

978 1393 1057 1437 stri,
1092 1395 1210 1440 quales
1238 1394 1272 1427 δε
1301 1405 1381 1427 cura
1410 1390 1608 1440 splendidae
1636 1390 1739 1427 fami.

978 1444 1069 1488 liae,
1106 1444 1140 1479 3<
1168 1442 1325 1492 regimen
1355 1443 1570 1491 Populorum
1599 1441 1738 1490 exigere

980 1472 1227 1530 videbantur-0
1240 1495 1333 1529 Nam
1361 1492 1454 1540 quod
1483 1493 1501 1527 ὲ
1524 1492 1739 1540 Du·Cangio

980 1544 1133 1580 tamdem
1163 1543 1394 1591 proponitur,
1431 1542 1599 1577 videlicet
1618 1543 1739 1586 sunio-

979 1607 1025 1628 res
1051 1593 1149 1629 fuiffe
1177 1594 1395 1640 appellatos,
1433 1592 1488 1639 qui
1514 1591 1613 1636 officio
1637 1593 1740 1636 sudi-

978 1657 1066 1688 cum,
1088 1643 1147 1689 sed
1164 1645 1394 1690 pedaneorum,
1416 1641 1524 1686 funffi
1544 1643 1654 1686 fuer,e
1683 1656 1740 1678 ne.

979 1694 1073 1738 scio,
1101 1707 1143 1729 an
1173 1692 1241 1729 fine
1277 1692 1501 1729 dubitatione
1540 1692 1580 1729 fit
1608 1695 1740 1750 ample-

979 1744 1170 1787 (fiendum,
1208 1757 1420 1792 quamquam
1450 1743 1562 1779 eidem
1601 1744 1739 1791 acquie-

979 1795 1091 1831 verim
1119 1794 1156 1830 in
1187 1794 1294 1830 Notis
1322 1794 1363 1830 ad
1403 1796 1489 1842 Leg.
1519 1794 1740 1850 Langobard.

979 1845 1054 1892 Qui
1082 1844 1215 1881 fuerint
1241 1844 1380 1888 Judices
1409 1845 1535 1888 Populi
1566 1858 1713 1893 majores
1730 1872 1740 1890 ,

980 1907 1085 1944 atque
1122 1895 1300 1938 minores,
1338 1894 1428 1930 infra
1465 1893 1666 1943 fignificabo
1703 1896 1741 1930 in

981 1947 1158 1983 Differtat.
1189 1948 1231 1981 Χ.
1266 1947 1305 1980 de
1331 1945 1527 1990 judicibus.
1565 1945 1739 1994 Equidem

971 1998 1124 2043 juniores
1145 1998 1163 2031 a
1182 1996 1358 2041 Judicibus
1384 1995 1538 2032 diversos
1567 1996 1742 2044 suspicor.

977 2050 1030 2084 At
1058 2047 1177 2096 inquit
1205 2047 1291 2083 ille:
1323 2048 1403 2082 Hoc
1429 2046 1614 2083 ediscimus
1635 2061 1652 2082 e
1673 2049 1741 2082 Ca-

979 2099 1125 2147 pitulari
1147 2097 1270 2134 Caroli
1288 2097 1412 2143 Magni
1431 2099 1538 2132 Anno
1557 2099 1739 2134 DCCCII.

978 2152 1066 2197 Cap.
1091 2159 1149 2194 23.
1175 2148 1236 2184 ubi
1264 2148 1446 2183 statuitur:
1479 2151 1520 2183 Ut
1547 2152 1682 2182 Comites
1701 2148 1745 2183 (9⁴

978 2200 1161 2236 Centenarii
1185 2212 1287 2233 omnes
1312 2201 1355 2233 ad
1383 2198 1538 2240 iustitiam
1558 2199 1740 2243 faciendam

978 2251 1163 2297 compellant
1176 2263 1196 2292 ,·
1233 2250 1275 2283 ἴθ’
1293 2249 1446 2293 Juniores
1472 2249 1553 2283 tales
1581 2250 1614 2283 in
1644 2251 1739 2284 mini.

970 2301 1076 2343 fleriis
1090 2299 1159 2345 suis
1177 2301 1334 2343 habeant,
1363 2299 1396 2333 in
1417 2301 1528 2346 qmbus
1551 2300 1650 2343 securi
1672 2315 1740 2335 con.

960 2351 1109 2396 ⁴fidant,
1137 2350 1211 2396 quia
1238 2351 1335 2396 legem
1363 2360 1456 2397 atque
1475 2349 1637 2396 justitiam
1657 2351 1744 2396 fide.

960 2398 1053 2437 fliter
1079 2401 1240 2445 observent
1256 2427 1265 2444 ,
1292 2411 1444 2447 pauperes
1471 2413 1664 2448 nequaquam
1691 2413 1745 2449 op.

976 2452 1142 2500 primant.
1179 2451 1243 2486 Sed
1273 2460 1354 2486 ante
1380 2450 1595 2488 statuendum
1625 2451 1743 2497 foret,

961 2512 1023 2537 'an
1050 2502 1079 2538 is
1104 2514 1223 2537 revera
1247 2501 1287 2536 fit
1313 2501 1437 2537 horum
1460 2503 1645 2537 verborum
1671 2502 1743 2538 sen·

962 2553 1059 2597 =sus,
1097 2565 1201 2600 quem
1238 2551 1454 2588 dofflffimus
1483 2552 1538 2589 vir
1573 2553 1618 2587 est
1653 2552 1744 2588 arbi-

1556 2611 1665 2637 tratus
1681 2629 1693 2647 ‚
