2195 3032
508 256 588 305 *159

808 220 1196 302 A'NTJQUJT.
1248 245 1398 287 MED
1415 245 1472 287 11
1519 244 1693 288 AEVJ

1902 253 1988 291 160

442 308 599 342 ceffarias
628 305 767 353 quidem
798 318 921 353 putans
946 306 1098 351 reliquas
1120 306 1200 340 <luas
1232 308 1258 340 A
1290 307 1323 339 A
1343 318 1414 340 nnos
1454 305 1565 353 Regni
1596 306 1639 340 ab
1668 302 1785 340 Annis
1822 305 1966 354 Imperii
1994 304 2048 340 did

442 356 701 392 coronationes
739 355 779 389 ad
815 353 1018 398 ampliffimi
1057 355 1199 391 hon0r{s

442 407 704 454 integritatem.
732 408 850 451 Quare
877 415 952 440 tum
982 407 1198 446 Romanam,

441 467 518 491 tum
549 457 708 491 Italicam
737 458 915 490 Coronam
955 455 993 490 ad
1032 457 1195 492 umbrati-

441 507 510 541 lem
541 507 656 551 potius
686 518 849 553 pompam
879 505 999 541 nostris
1032 508 1195 552 tempori-

441 557 503 592 bus
524 556 696 592 redmstam
720 569 788 590 non
810 555 939 604 injuria
961 556 1072 591 dicas.
1093 558 1198 602 Quod

442 608 518 655 plus
546 607 653 641 etiarn
683 606 833 649 mirere,
871 608 889 641 ὲ
918 606 1098 641 nonnullis
1127 610 1201 641 Sae-

441 657 529 692 culis
557 657 614 692 vel
640 655 753 702 ipsum
782 670 910 691 nomen
942 656 1056 692 Italici
1089 659 1195 705 Regni

441 707 617 742 evanuisse
654 707 814 751 videtur,
851 706 944 755 quafi
983 721 1069 742 unus
1107 721 1198 755 prae-

441 757 663 793 stantiffimus
704 757 851 794 Titulus
894 758 1116 805 Imperatoris,
1158 759 1200 791 (J

443 808 571 855 Imperii
606 808 772 852 Romani,
811 810 968 855 Regnum
1009 808 1200 851 Italicum,

443 858 531 894 addo
567 859 600 893 8<
639 857 917 901 Germanicum,
961 857 1200 893 absorbuerit.

442 908 648 945 Ludovicus
676 908 818 956 quidem
849 908 930 944 Pius
958 908 987 943 is
1022 908 1201 955 praecipue

443 959 539 1003 fuit,
574 959 636 1007 qui
673 959 712 995 in
749 958 817 994 suis
856 958 1120 1005 Diplomaribus
1148 958 1200 993 in·-

443 1010 589 1046 scribere
626 1008 658 1045 se
693 1009 796 1045 unice
832 1008 950 1056 coepit
991 1013 1203 1043 Romanorum

442 1063 682 1107 Imperatorem,
716 1060 952 1107 praetermisso
980 1059 1108 1094 Titulo
1137 1063 1196 1094 Re-

437 1112 492 1157 gis
518 1114 709 1145 Francorum
730 1111 773 1144 (9‘
792 1111 1069 1156 Langobardorum
1082 1135 1093 1151 ,
1121 1122 1159 1144 ac
1180 1108 1202 1143 fi

443 1161 643 1208 persuadere
670 1161 806 1205 vellet,
842 1173 885 1195 ex
916 1159 1098 1195 vastiffima
1129 1159 1201 1206 ejus

442 1211 675 1254 Monarchia‚
701 1224 789 1257 quae
817 1211 979 1252 Italiam,
998 1208 1202 1252 Franciam,

443 1274 482 1296 ac
512 1261 684 1307 potiorem
713 1261 922 1296 Germaniae
951 1270 1080 1306 partem
1109 1272 1201 1294 com·

445 1311 682 1359 plee‘tebatur‚
711 1324 814 1346 unam
843 1310 1017 1345 ditionem
1042 1311 1199 1344 efforma-

445 1372 515 1396 tam
544 1360 669 1403 fuiffe,
706 1373 793 1408 quae
830 1364 1009 1397 Romanum
1038 1360 1201 1406 Imperium

444 1412 696 1458 appellaretur.
721 1412 892 1446 Attamen
914 1419 988 1443 tum
1012 1408 1103 1452 ipse,
1125 1418 1199 1442 tum

443 1462 515 1510 ejus
552 1460 789 1503 Succeffores‚
829 1458 960 1509 ipsique
997 1457 1199 1495 Germanici

444 1511 604 1548 Caesares
641 1524 701 1559 per
736 1512 843 1559 longa
879 1518 1038 1558 tempora
1074 1507 1199 1544 diserte

1290 354 1458 400 stxnxere,
1495 366 1534 391 ut
1561 355 1798 399 ostenderent,
1826 354 1859 391 se
1887 369 1925 391 ea
1953 365 2049 391 tene·

1291 419 1325 441 re
1353 406 1471 442 titulis
1497 406 1664 442 diverfis.
1700 407 1861 441 Tandem
1890 409 1973 441 vero
1993 405 2049 440 ni-

1293 456 1342 490 hil
1372 455 1479 491 ferme
1507 457 1601 493 aliud
1629 457 1743 492 audiri
1781 467 1944 501 coeptum
1975 455 2047 499 est,

1293 508 1395 552 quam
1423 510 1603 541 Romanum
1630 507 1795 554 Imperium
1812 534 1822 551 ,
1851 507 1901 542 ita
1928 516 1966 541 ut
1994 507 2047 554 jus

1292 556 1402 600 illud,
1439 557 1532 603 quod
1561 559 1602 592 ab
1642 557 1803 605 Augushs
1840 566 2047 599 exercetur,

1294 619 1361 640 non
1383 607 1534 646 amplius
1555 608 1749 655 appelletur
1769 607 1960 642 auffloritas
1982 608 2048 641 Re-

1292 657 1344 703 gis
1381 657 1617 701 Germaniae,
1655 668 1713 692 aut
1752 658 1857 705 Regis
1897 657 2046 700 Italiae,

1292 708 1346 741 led
1372 707 1511 754 quidem
1540 710 1777 743 Romanorum
1802 706 2045 756 Imperatoris.

1295 758 1522 792 statuendum
1552 769 1667 793 tamen
1695 759 1861 801 videtur,
1899 757 1951 792 uti
1981 758 2047 791 Re-

1293 819 1359 854 gna
1405 808 1528 843 Italiae
1565 822 1602 844 ac
1638 808 1848 843 Germaniae
1886 807 1979 842 inter
2014 805 2047 841 se

1292 856 1426 892 diversa
1455 857 1557 902 sunt,
1596 860 1645 893 ita
1674 859 1757 894 haec
1788 861 1904 906 Regna
1931 856 2047 892 diver·

1294 906 1329 942 so
1357 908 1466 943 titulo
1492 922 1531 943 ac
1560 909 1632 956 jure
1654 909 1779 943 subesse
1808 911 2045 943 Romanorum

1295 959 1501 1004 Imperatori
1524 958 1696 1006 Augusto.
1714 958 1968 993 coronationis
1989 970 2047 991 au·

1294 1017 1363 1041 tem
1395 1010 1572 1042 Romanae
1603 1009 1724 1043 Ritum
1753 1007 1915 1053 expreffit
1935 1006 2046 1041 erudi·

1297 1056 1442 1093 tiffimus
1468 1060 1565 1093 Pater
1585 1060 1747 1093 Martene
1769 1057 1965 1092 Monachus
1985 1057 2045 1091 Be-

1296 1108 1493 1144 neditff‘tinus
1505 1107 1801 1157 Congreaationis
1816 1106 1934 1143 SanSfi
1946 1109 2046 1141 Mau-

1293 1157 1345 1201 ri,
1382 1160 1501 1194 Tomo
1540 1160 1603 1193 ΙΙΙ.
1642 1159 1722 1194 Lib.
1762 1170 1793 1193 z.
1829 1159 1917 1205 Cap.
1944 1169 1979 1204 9.
2008 1156 2049 1191 de

1295 1208 1446 1256 Antiqu.
1475 1208 1604 1244 Eccles.
1636 1209 1796 1244 Ritibus.
1819 1207 1986 1243 Adferam
2014 1207 2048 1241 &

1295 1272 1359 1306 ego
1376 1286 1386 1300 ,
1422 1272 1510 1305 quae
1537 1259 1693 1294 delibavi
1720 1261 1738 1294 ὲ
1766 1257 1899 1293 vetusto
1928 1256 2050 1292 Ponti-

1296 1308 1389 1343 ficali
1417 1310 1529 1345 Libro
1566 1311 1693 1353 MSt0‚
1729 1308 1896 1344 existente
1934 1310 2050 1342 Lucae

1295 1358 1384 1405 apud
1409 1360 1499 1393 olim
1540 1360 1706 1393 Nobilem
1748 1359 1862 1392 virum
1899 1356 2050 1392 frideri-

1297 1420 1374 1441 cum
1404 1407 1673 1451 Luchesmium,
1693 1408 1727 1442 8<
1749 1416 1830 1441 ante
1850 1419 1958 1440 annos
1986 1406 2051 1441 fer-

1273 1457 1349 1552 lme
1389 1457 1662 1506 quadringentos
1702 1465 1870 1492 exarato.
1911 1456 1967 1492 Ibi
2002 1456 2052 1491 le-

1295 1507 1440 1555 gebatur

1895 2625 2006 2660 OR-
