2195 3032
1 955 4 991 ἱ

193 226 274 269 197

132 277 232 315 tum,
256 271 278 306 si
307 281 422 306 tamen
451 269 515 303 hoc
543 280 667 303 munus
694 280 764 301 non
792 267 884 302 idem

133 319 202 357 fuit
232 335 309 358 cum
347 324 464 355 comite
487 318 634 352 stabuli.
673 317 775 352 Olim
803 321 885 352 verb

131 373 288 417 Praefefili
301 372 386 420 equis
399 377 495 405 erant
507 368 717 412 Marefitalchi
728 396 737 411 ,
754 367 884 403 humili

132 436 293 466 munere,
310 423 367 468 qui
390 420 431 454 ad
452 418 621 453 militiam
644 417 769 453 deinde
790 427 866 452 tran

132 472 212 508 slati
229 501 238 514 ,
266 472 453 508 nostrorum
483 478 680 514 temporum
709 469 881 513 Marescal-

131 527 173 560 lis
198 535 322 560 nomen
350 520 490 555 dedere.
519 521 649 554 Eorum
679 518 815 554 mentio
840 518 884 554 est

130 576 168 611 in
196 573 300 609 Pae'to
336 571 443 618 Legis
484 569 616 605 salicae
644 571 730 616 Cap.
760 571 821 604 XI.
849 570 882 603 8<

128 626 165 660 in
193 622 426 658 Alamannica
454 621 531 655 Tit.
560 632 620 667 79.
648 619 760 654 fuisse
796 632 879 666 quo-

127 687 193 721 que
235 671 456 719 Principibus
500 670 599 705 suum
640 670 884 714 Marischalcum

127 723 292 759 discimus
328 736 370 757 ex
403 721 609 768 Diplomate
645 720 883 767 expeditionis

127 779 304 811 Romanae
330 771 453 808 Caroli
481 769 592 807 Craffi
619 770 767 818 Augusti
793 771 880 818 apud

123 825 324 862 Goldastum
352 825 460 859 Tom.
489 824 516 857 Ι.
544 820 735 857 constitut.
766 822 877 866 Impe-

125 876 202 912 rial.
230 888 305 925 pag.
336 885 418 921 207.
447 872 507 908 ubi
535 872 618 907 haec
645 871 774 906 verba:
804 871 879 905 Sin-

120 928 195 975 guli
219 930 292 960 verb
318 924 480 971 Principes
508 923 582 967 suos
616 923 732 957 habent
767 921 879 965 officio-

125 977 229 1012 narios
237 976 387 1023 speciales
398 1002 407 1018 ‚
424 974 635 1018 Marscalcum
646 1000 655 1016 ‚
672 972 858 1019 Dapiferum
870 999 880 1016 ,

124 1028 330 1069 Pincernam,
348 1026 392 1059 Θ
411 1024 653 1060 Karnerarium.
670 1024 802 1058 Verum
819 1035 879 1057 un-

124 1077 166 1113 de
202 1075 351 1112 hauserit
386 1074 569 1111 Goldastus
609 1072 780 1121 ejusmodi
817 1072 880 1108 Di·

123 1129 264 1176 ploma,
292 1126 464 1162 incertum
492 1125 559 1169 est,
580 1133 684 1172 atque
704 1123 742 1159 in
763 1137 804 1159 eo
823 1137 880 1159 oc-

474 208 981 252 DISSERTATJO
1050 209 1397 267 ‚QJJARTAc

1601 223 1680 267 198

923 271 951 303 A
982 282 1130 303 mannam
1161 272 1340 304 Venatorem
1368 270 1520 312 nostrum.
1559 273 1740 308 Praeterea

919 725 946 758 Β

123 1185 267 1213 currunt
308 1179 424 1213 Notae
460 1174 744 1223 Chronologicae
781 1183 881 1210 tanto
913 1177 944 1211 C

122 1227 217 1264 vitio
243 1227 440 1263 laborantes
456 1254 466 1272 ‚
503 1235 543 1262 ut
569 1225 802 1274 suspicionem
830 1226 881 1273 ju-

122 1279 203 1314 stam
241 1277 315 1313 falfi
350 1277 546 1327 ingerant:
585 1277 683 1325 cujus
719 1275 879 1312 criminis

124 1330 166 1364 ab
193 1327 273 1364 aliis
303 1341 442 1375 quoque
479 1327 637 1375 arguitur
672 1327 878 1362 Goldastus.

123 1381 256 1414 Datum
284 1377 414 1425 quippe
441 1377 572 1412 dicitur
602 1379 692 1411 VIII.
720 1378 797 1410 Idus
813 1380 878 1420 Ju-

124 1429 199 1472 nii,
234 1431 334 1463 Anno
360 1428 400 1462 ab
427 1427 644 1462 Incarnatione
671 1426 803 1461 Domini
830 1440 881 1460 no-

116 1479 181 1522 stri
197 1478 280 1523 jesu
306 1477 424 1519 Christi
453 1479 644 1512 DCCCXC.
679 1477 790 1523 Regni
824 1490 879 1511 au.

124 1540 185 1563 tem
211 1528 279 1573 ejus
305 1530 412 1562 XXII.
439 1537 512 1562 ante
538 1527 807 1571 confhcratt‘onem.
834 1529 880 1561 Et

124 1578 240 1613 verbis
267 1577 407 1625 quidem
437 1576 574 1611 disertis
600 1576 653 1612 ibi
688 1576 878 1624 scriptum,

123 1629 292 1663 Carolum
321 1640 437 1675 parare
464 1626 498 1661 se
524 1626 567 1661 ad
593 1626 662 1661 iter
689 1627 877 1670 Italicum,

123 1687 227 1725 atque
241 1677 280 1712 ad
295 1679 489 1712 Romanam
501 1678 679 1711 Coronam
692 1674 874 1723 suscipien-

122 1728 200 1764 dam
214 1755 222 1763 .
243 1726 359 1774 Atqui
380 1728 488 1762 Anno
508 1725 637 1762 Christi
662 1728 876 1763 DCCCXC.

121 1781 260 1814 tantum
297 1777 408 1821 abest,
443 1786 483 1813 ut
509 1778 658 1813 Carolus
685 1777 822 1813 Crassus
849 1778 877 1814 i-

123 1827 326 1877 nungendus
353 1827 435 1863 effet
462 1829 678 1876 Imperator,
703 1837 742 1863 ut
762 1841 805 1863 ne
823 1827 873 1863 in-

124 1888 177 1915 ter
205 1879 305 1914 vivos
332 1878 473 1926 quidem
502 1887 766 1922 numeraretur,
802 1880 874 1914 An-

122 1943 169 1964 no
196 1929 331 1965 scilicet
358 1930 735 1964 DCCCLXXXVIII.
756 1929 874 1976 postre-

121 1993 181 2015 mo
209 1979 281 2014 fato
309 1979 466 2014 func‘stus.
495 1978 553 2014 Ad
580 1979 664 2014 haee
691 1979 721 2014 is
748 1979 878 2015 dicitur

121 2035 193 2065 Rex
219 2033 431 2073 Francorum,
457 2030 501 2063 Θ·
523 2033 765 2073 Romanorum;
791 2044 877 2078 quae

121 2080 272 2116 formula
298 2080 445 2115 omnino
472 2080 514 2115 ab
536 2093 657 2116 eorum
679 2090 876 2129 temporum

121 2131 278 2167 moribus
305 2131 489 2173 abhorret,
517 2144 556 2166 ac
583 2132 684 2179 plane
711 2131 875 2168 ridenda.

122 2183 239 2227 Quare
280 2181 446 2217 Freherus
473 2182 507 2216 &
535 2182 767 2231 Du-Cangius
798 2196 873 2218 cau-

122 2232 192 2267 tius
219 2232 384 2280 egissent,
412 2231 434 2267 s1
462 2231 579 2268 minus
599 2231 681 2268 fidei
702 2233 875 2282 adjunxis-

123 2281 197 2316 sent
223 2282 442 2318 Goldastinae
469 2282 526 2319 illi
554 2283 683 2328 merci,
707 2284 741 2318 ὅ(
770 2284 874 2332 potis-

124 2330 245 2367 fimum
271 2333 363 2380 quod
401 2333 481 2369 aliis
517 2333 686 2383 ejusmodi
724 2334 874 2370 foetibus

125 2395 195 2416 non
222 2392 334 2418 careat
360 2384 540 2420 CoHeEHo
567 2384 720 2420 Goldasti
738 2412 747 2420 .
784 2385 876 2421 Infra

122 2431 163 2467 in
191 2432 366 2469 Differtat.
396 2437 511 2470 XVII.
539 2439 577 2469 de
597 2436 688 2480 Fisco
708 2436 875 2484 Diploma

123 2483 353 2519 Carlomanni
397 2485 502 2533 Regis
547 2486 731 2522 exhibebit
775 2487 876 2522 nobis

122 2534 313 2582 Eginolfitm
339 2536 525 2582 Dapiferum
552 2537 706 2584 nostrum,
727 2538 770 2574 (Ὺ
794 2539 880 2575 Ala-

911 1634 944 1666 D

977 319 1013 353 in
1042 320 1324 356 Alamannorum
1364 323 1456 369 Lege
1488 320 1565 356 Tit.
1595 334 1656 369 79.
1683 325 1742 356 Se-

978 369 1125 412 ›ziscalclai
1153 384 1277 407 munus
1305 381 1542 416 memoratur,
1571 373 1678 408 uti&
1701 372 1740 407 in

980 421 1190 456 Francorum
1219 431 1376 458 veterum
1405 422 1666 466 monumentis,
1695 421 1739 458 ad

977 482 1080 516 quem
1109 484 1189 507 cura
1216 472 1339 508 domus
1364 473 1420 509 seu
1447 472 1604 509 familiae
1624 472 1739 508 darni-

978 521 1076 556 nicae
1105 521 1263 570 speffiaffe
1301 523 1474 568 creditur,
1514 523 1571 560 sub
1609 523 1739 566 Maiore

975 573 1107 615 domus,
1136 572 1228 620 quasi
1257 573 1286 608 is
1314 573 1441 618 fuerit,
1463 575 1524 622 qui
1547 588 1637 610 nunc
1659 577 1738 608 Ma-

971 620 1034 661 stro
1060 623 1097 656 di
1123 623 1207 667 Casa
1234 625 1452 669 appellatur.
1486 628 1522 659 [n
1551 625 1738 673 Diploma-

978 680 1010 705 te
1039 672 1138 707 Anni
1168 675 1423 708 DCCCXVII.
1450 677 1557 710 Tom.
1578 679 1604 710 1.
1626 684 1736 711 veter.

976 721 1142 769 Scriptor.
1170 724 1332 758 Martene
1359 724 1394 758 δε
1424 724 1589 767 Durand,
1617 725 1738 760 Ludo-

978 771 1074 807 vicus
1104 772 1186 808 Pius
1208 774 1381 822 Augustus
1409 784 1663 809 commemorat
1682 779 1737 809 A.

973 823 1150 857 dalbertum
1175 825 1382 869 siniscalcum
1417 825 1570 865 nostrum.
1608 826 1648 860 In
1686 827 1736 860 al-

978 884 1050 907 tero
1078 874 1285 922 Diplomate
1314 875 1458 923 Pippini
1485 876 1558 921 ejus
1586 875 1656 912 filii
1684 877 1736 911 A-

976 923 1156 969 quitaniae
1185 925 1292 973 Regis
1317 925 1472 961 occurrit
1499 926 1657 960 Erlaldus
1679 939 1737 972 ge-

975 973 1086 1007 nitoris
1113 975 1206 1016 nostri
1232 977 1447 1020 Siniscalcus.
1485 978 1610 1024 Neque
1647 990 1734 1012 unus

973 1024 1186 1068 Sentscalchus
1213 1025 1367 1075 Regibus
1394 1026 1438 1061 iis
1466 1025 1559 1071 fuit,
1582 1026 1637 1062 sed
1659 1029 1736 1072 plu-

975 1087 1052 1117 κς,
1090 1088 1196 1122 quum
1226 1077 1315 1124 apud
1343 1076 1559 1112 Marculfum
1596 1078 1679 1114 Lib.
1707 1079 1735 1113 Ι.

974 1126 1061 1172 Cap.
1091 1138 1148 1171 25.
1178 1129 1253 1162 Rex
1281 1129 1318 1162 in
1346 1126 1480 1176 judicio
1505 1127 1622 1164 sedisse
1642 1128 1736 1164 dica-

974 1185 1031 1210 tur
1056 1189 1137 1211 cum
1164 1178 1421 1223 Refhrendariis‚
1447 1179 1650 1224 Domesticis‚
1677 1182 1734 1214 Se-

972 1225 1111 1270 mscalcis
1128 1255 1138 1272 ,
1175 1230 1414 1274 Cubicularia,
1443 1230 1511 1265 &aa
1539 1231 1733 1274 Attamen,

972 1276 1026 1312 uti
1066 1278 1175 1314 etiam
1218 1279 1471 1315 animadvertit
1508 1281 1732 1328 Bignonius‚

970 1328 1157 1373 Sentscalchi
1197 1343 1323 1365 munus
1366 1329 1513 1365 minime
1555 1330 1731 1366 diversum

973 1376 1041 1412 fuit
1077 1379 1120 1413 ab
1154 1380 1409 1424 fflchitriclino,
1446 1380 1515 1416 five
1551 1382 1730 1427 Dapifew,

972 1435 1031 1462 aut
1056 1428 1075 1463 ὲ
1103 1429 1250 1476 Principe
1276 1433 1473 1477 Coquarum,
1510 1430 1551 1466 de
1579 1445 1648 1478 quo
1676 1432 1732 1467 in-

972 1477 1044 1513 fra.
1083 1480 1177 1515 Nam
1203 1480 1242 1515 in
1277 1481 1479 1517 Annalibus
1515 1484 1731 1519 Francorum

972 1530 1077 1564 Tom.
1100 1542 1132 1564 τ.
1160 1543 1236 1578 pag.
1256 1531 1318 1566 ⁴16.
1345 1531 1456 1566 Tomi
1485 1533 1530 1566 ΙΙ.
1560 1533 1728 1567 Du-Che-

972 1577 1037 1613 snii
1066 1579 1107 1613 ad
1135 1581 1282 1614 Annum
1319 1582 1645 1617 DCCLXXXVII.
1680 1584 1730 1619 le-

970 1628 1090 1675 gitur:
1129 1630 1227 1670 Misit
1253 1631 1417 1664 exercitum
1437 1631 1532 1675 suum
1559 1636 1630 1666 Rex
1652 1644 1730 1679 par-

969 1680 1053 1712 tibus
1080 1679 1273 1715 Britanniae
1298 1694 1363 1715 una
1381 1695 1448 1715 cum
1467 1680 1565 1728 Miffo
1575 1683 1634 1727 suo
1654 1686 1732 1718 ,Αιιὸ

969 1729 1057 1772 dulso
1092 1729 1292 1774 Sinescalco.
1332 1731 1451 1779 Atqui
1487 1732 1571 1768 haec
1607 1734 1729 1770 eadem

971 1779 1165 1815 describens
1210 1781 1431 1830 Eginhardus
1474 1782 1512 1818 in
1556 1785 1728 1821 Annalib..

974 1832 1186 1866 Francorum
1203 1831 1244 1866 ad
1260 1833 1407 1868 Annum
1425 1835 1730 1871 DCCLXXXVI.

973 1880 1023 1915 ait
1058 1880 1100 1916 de
1137 1881 1324 1918 Britonum
1360 1884 1574 1920 rebellione:
1613 1885 1731 1931 Miffits

973 1931 1050 1965 illuc:
1075 1932 1198 1978 Regiae
1224 1933 1357 1979 Mensae
1379 1934 1580 1981 Praepofitus
1596 1937 1732 1970 Aiadal-

968 1982 1047 2025 fus,
1081 1982 1223 2028 perfidae
1253 1986 1361 2031 gentis
1396 1986 1618 2020 contumaciam
1648 1987 1730 2021 mira

972 2033 1128 2067 celeritate
1154 2035 1344 2081 compreffit.
1381 2035 1477 2070 Idem
1515 2037 1661 2072 habetur
1696 2051 1732 2073 a.

910 2092 937 2125 E
976 2082 1043 2131 pud
1080 2084 1300 2120 Annalistam
1337 2088 1510 2122 Saxonem
1538 2087 1581 2122 ab
1607 2090 1732 2124 Eccar.

972 2134 1018 2168 do
1047 2134 1210 2179 editum,
1247 2146 1352 2184 atque
1387 2137 1425 2172 in
1461 2137 1541 2172 aliis
1578 2138 1732 2175 Chroni-

975 2183 1042 2219 cis.
1072 2185 1130 2221 Ad
1158 2185 1241 2222 haec
1270 2187 1408 2235 Regino
1428 2188 1635 2224 Prumienfis
1657 2190 1732 2225 Ab.

976 2235 1033 2269 bas
1060 2235 1101 2270 ad
1129 2249 1258 2272 annum
1287 2237 1446 2272 eumdem
1478 2238 1613 2283 tradit,
1650 2240 1734 2276 mis-

978 2284 1050 2320 sum
1079 2286 1097 2320 a
1125 2288 1256 2323 Carolo
1292 2290 1427 2336 Magno
1463 2289 1657 2325 exercitum
1694 2291 1734 2327 in

977 2335 1139 2373 Britones
1166 2352 1230 2373 una
1270 2352 1336 2373 cum
1372 2337 1469 2385 Miffl]
1498 2340 1555 2385 suo
1589 2342 1733 2390 Odulpho

976 2387 1123 2434 Principe
1149 2392 1326 2423 Cacormn:
1352 2389 1468 2425 Scribe
1503 2391 1648 2439 Principe
1673 2397 1735 2428 Co-

978 2451 1128 2484 quorum.
1157 2441 1250 2486 Ergo
1278 2439 1402 2484 habes,
1431 2454 1500 2488 quo
1527 2455 1672 2479 munere
1696 2458 1735 2480 ο-

974 2488 1039 2523 lim
1066 2490 1257 2533 Sem'scalchi
1281 2490 1530 2539 fungerentur.
1567 2493 1733 2542 Idemque

978 2538 1207 2577 confirmatur
1241 2554 1285 2578 ex
1321 2541 1446 2578 Italica
1482 2556 1569 2580 voce
1604 2545 1731 2589 Scalco⁹

1041 2591 1077 2628 N
1133 2603 1155 2627 2
1580 2593 1683 2642 figni-
