2195 3032
455 208 536 260 693
769 201 1154 259 ANTIQUIT.
1202 201 1422 245 MEDII
1464 204 1637 249 AEVI
1854 206 1942 262 396

393 262 524 297 Latine
550 263 584 297 δι
612 264 743 296 Graece
773 259 838 296 sese
866 260 1070 297 subscribit.
1099 263 1149 297 A·
1179 262 1215 298 A
1244 261 1406 297 Archivo
1451 263 1593 313 insignis
1634 263 1841 301 Menasterii
1883 265 2003 302 Sanffii

395 311 459 346 deo
488 315 569 347 vero
607 309 803 358 speetabilis
842 310 961 348 habita
988 311 1033 348 est
1059 312 1148 348 olim
1226 311 1337 348 {Sixti
1376 313 1594 358 Placentini,
1632 316 1725 362 quod
1766 315 1880 364 primo
1919 318 2005 352 Mo-

396 363 551 397 Comitum
586 360 739 409 dignitas
776 375 814 397 ac
852 361 1004 406 titulus,
1042 371 1081 398 ut
1109 376 1150 399 ne
1245 362 1393 398 nialium
1433 363 1523 408 fuit,
1559 366 1682 402 deinde
1719 366 1913 402 Monachis
1939 368 2005 402 Be.

397 412 457 460 ipsi
495 411 636 458 quidem
668 414 776 459 Reges
803 413 838 447 &
867 412 1014 461 Augusti
1050 413 1150 449 dubi·
1244 413 1433 449 nediffinis
1461 413 1668 452 attributum
1686 444 1696 461 ‚
1734 417 1772 452 in
1799 429 1921 452 eorum
1949 416 2006 452 di-

397 472 511 499 tarent
539 461 666 497 eisdem
687 462 892 498 Comitibus
920 463 1060 512 jungere
1081 477 1150 499 ma·
1245 463 1343 500 tione
1363 465 1473 500 adhuc
1501 465 1683 513 perdurat,
1711 466 1909 503 adservatur
1940 467 2007 504 Di-v

397 511 569 548 trimonio
597 511 687 548 filias
716 511 788 548 suas
816 521 920 562 atque
949 513 1151 562 consangui-
1246 515 1362 562 ploma
1399 514 1641 551 authenticum
1676 517 1840 566 Hugonis
1878 518 2002 554 Italiae

399 575 508 610 neas;
553 563 649 607 cujus
685 562 736 598 rei
771 565 932 611 exempla
973 566 1153 613 complura
1248 565 1379 613 Regis,
1414 566 1452 601 in
1489 579 1560 613 quo
1595 566 1625 602 is
1661 576 1833 603 memorat
1867 571 2004 603 Ermen-

400 615 441 650 ab
478 612 663 649 Historicis
696 614 730 648 &
764 614 935 650 Archivis
972 614 1044 662 peti
1081 614 1153 663 pos·
1242 616 1369 661 gardim
1392 616 1637 663 gloriosiffimam
1659 616 1873 665 Comitiffam,
1899 618 2003 663 karis-

400 665 498 700 sunt.
530 666 706 700 Praeterea
733 664 946 701 consuetudo
973 665 1154 710 invaluit,
1229 657 1412 722 {ſjmamque
1434 679 1617 713 germanam
1643 669 1799 710 nestram.
1830 668 2003 704 Chartam

401 713 580 759 Comitiffas
606 715 829 763 nuncupandi
861 717 914 751 vel
942 715 1030 763 ipsas
1059 718 1156 752 Uxo-
1190 713 1218 748 B
1248 715 1357 764 :psam
1373 717 1532 752 omnium
1550 717 1661 753 oculis
1681 717 1847 766 subjicere
1867 719 2002 768 placet.

402 778 454 801 res
487 767 627 800 Ducum
663 774 767 813 atque
802 766 1081 802 Marchionum.
1118 726 1180 806 Ini
1227 732 1231 800 i

407 887 673 933 Confirmatio
706 889 1005 946 Privilegiorum
1037 891 1138 935 facta
1162 893 1212 934 ab
1244 895 1416 946 Hugone
1448 891 1586 935 Italiae
1616 896 1726 949 Rege
1758 892 1998 938 Monasterio

495 949 739 992 Monialium
772 951 903 993 Sanffi
935 950 1047 1006 Xysti
1077 952 1118 994 iu
1152 952 1260 994 Urbe
1292 951 1518 994 Placentina
1549 951 1632 1006 siti,
1662 957 1783 996 Anno
1814 962 1915 1009 926.

455 1070 489 1102 N
515 1067 634 1101 nornine
662 1067 794 1102 Domini
820 1068 884 1103 Dei
919 1068 1056 1104 aeterni.
1094 1072 1160 1104 Hu-
1232 1069 1366 1113 {dianam
1405 1068 1540 1111 Villolc‚
1581 1068 1828 1115 Piguniarium,
1865 1084 1934 1105 cum
1969 1083 2006 1104 a·

475 1131 517 1163 go
542 1117 661 1151 divina
695 1117 849 1163 largiente
883 1118 1046 1153 clementia
1073 1124 1163 1154 Rex.
1234 1118 1413 1153 'diacentiis
1439 1131 1563 1163 eorum,
1601 1121 1643 1153 (θ’
1670 1122 1774 1155 omnia
1800 1133 2005 1168 quaecumque

405 1171 431 1202 S
435 1167 444 1199 i
464 1167 564 1212 sacris
589 1181 624 1201 ac
651 1168 886 1202 venerabilibus
911 1168 986 1201 locis
1012 1178 1156 1216 tempora·
1192 1171 1223 1205 C
1248 1179 1414 1203 memorata
1453 1170 1640 1215 Imperatrix
1682 1171 1889 1213 institutionis
1927 1171 2007 1215 suae

407 1219 454 1252 lia
496 1229 588 1264 atque
628 1217 810 1258 transitoria
848 1218 1057 1263 concedimus,
1098 1233 1161 1254 ma-
1245 1219 1367 1266 pagina
1402 1219 1582 1264 ubicumque
1617 1220 1714 1253 eidem
1744 1222 1877 1256 Cenobio
1915 1218 2006 1265 diffi-

404 1282 502 1315 gnam
529 1269 616 1314 apud
642 1268 812 1302 Dominum
839 1269 1028 1303 remunerari
1054 1269 1087 1303 in
1111 1270 1161 1314 fu-
1250 1269 1335 1303 nivit
1362 1270 1405 1302 ad
1440 1270 1633 1302 habendum.
1670 1273 1809 1314 Quorum
1842 1270 2007 1317 peticioni-

407 1331 476 1353 {uro
496 1331 689 1365 nequaquam
708 1318 908 1363 diffidimus.
936 1319 1091 1365 ,Quocirca
1112 1334 1161 1354 no·
1251 1321 1306 1353 bus
1332 1329 1399 1353 tota
1424 1319 1586 1352 devocione
1608 1319 1757 1362 faventes
1784 1321 1818 1353 id
1849 1321 1924 1364 fieri
1949 1334 2009 1355 an-

407 1369 493 1403 verit
518 1368 654 1402 omnium
683 1368 832 1413 fidelium
859 1369 989 1414 sanflae
1015 1370 1079 1405 Dei
1105 1374 1161 1405 Ec»
1253 1370 1378 1403 nuimus
1394 1396 1403 1412 ,
1439 1369 1492 1402 hoc
1518 1368 1650 1410 nostrum
1677 1373 1879 1417 Praeceptum
1911 1369 2010 1415 scribi

408 1419 541 1463 clefiae,
578 1419 803 1466 nestrorumque
835 1420 1045 1467 praesentium
1080 1420 1165 1465 scili·
1252 1419 1415 1464 jubentes,
1450 1431 1506 1465 per
1541 1421 1622 1465 quod
1659 1421 1858 1466 praelibatae
1894 1424 2010 1455 Bertae

409 1481 453 1505 cet
491 1470 534 1504 (θ’
564 1469 743 1514 f‘uturorum
780 1470 962 1514 industria,
998 1472 1164 1517 Lamper-
1256 1471 1384 1504 cundem
1414 1469 1642 1511 Rffonasterium
1669 1469 1905 1515 confirmamus,
1936 1484 2015 1518 qua-

408 1530 484 1556 tum
520 1519 651 1566 sanstae
686 1519 959 1556 Mediolanenfis
996 1520 1167 1557 Eccleslae
1256 1530 1345 1554 tenus
1372 1521 1404 1554 in
1442 1520 1497 1558 sua
1524 1519 1571 1561 fit
1604 1521 1753 1566 potestate
1780 1522 1823 1555 (9‘
1848 1522 2014 1565 dominio,

409 1570 754 1619 Archiepiscopum‚
792 1585 844 1606 nec
883 1585 943 1606 non
979 1571 1023 1606 (9·
1058 1571 1160 1607 Adel·
1257 1571 1381 1617 eousque
1416 1570 1556 1614 vixerit,
1595 1572 1637 1604 (9⁴
1673 1571 1788 1606 ibidem
1822 1572 2018 1607 dominatrix

409 1622 546 1657 bertum
577 1621 706 1666 sanstae
734 1621 967 1670 Bergamenfis
995 1621 1166 1658 Ecclefiae
1197 1621 1229 1654 D
1258 1622 1299 1655 (9¹
1327 1621 1502 1655 ordinatrix
1528 1632 1621 1667 atque
1650 1621 1764 1655 reHvix
1800 1622 1954 1668 invigilet
1981 1634 2017 1656 a:

410 1671 628 1715 Praesulem,
657 1672 700 1705 (9‘
735 1671 1001 1720 Ermengardim
1038 1672 1165 1721 glorio·
1255 1682 1457 1718 permaneat,
1493 1672 1586 1705 donec
1612 1670 1680 1716 ejus
1700 1671 1800 1714 fuerit
1825 1672 1918 1707 vita.
1954 1674 2018 1705 Per

410 1721 568 1757 fiffimam
597 1720 845 1766 Comitiffarn,
882 1721 1168 1771 kariffimamque
1259 1723 1339 1768 quod
1379 1723 1473 1756 etiam
1513 1721 1586 1766 jam
1628 1721 1795 1768 praescrito
1838 1720 2018 1757 venerabili

410 1785 608 1820 germanam
647 1771 816 1816 nostram,
854 1773 897 1806 θ’
932 1772 1167 1809 Giselbertum
1258 1773 1318 1806 loco
1345 1772 1534 1807 concedimus
1572 1772 1629 1807 hac
1663 1770 1879 1815 confirmamus
1916 1782 2018 1806 omnes

411 1823 578 1859 illustrem
618 1821 799 1858 Comitem
842 1822 994 1868 Palatii,
1031 1824 1171 1858 umiliter
1259 1836 1305 1857 res
1332 1823 1374 1857 (9⁶
1405 1820 1614 1869 poffiffioms,
1651 1823 1778 1857 mobiles
1804 1836 1839 1857 ac
1875 1821 2017 1856 immobi-

413 1873 544 1916 nostram
579 1871 708 1918 exoraffe
744 1872 978 1918 celsitudinem,
1019 1884 1170 1922 quatenus
1259 1874 1302 1907 les
1320 1900 1329 1916 ‚
1368 1883 1431 1907 tam
1456 1884 1512 1920 per
1537 1873 1714 1917 Cartulas,
1752 1885 1903 1920 quamque
1928 1882 2017 1907 extra

411 1926 448 1958 ob
473 1937 574 1959 amore
596 1923 729 1970 superne
755 1924 1012 1959 remunerationis
1035 1935 1092 1971 per
1118 1939 1166 1958 no·
1260 1923 1432 1967 Cartulas,
1469 1925 1522 1957 vel
1558 1923 1770 1969 cujuscumque
1807 1922 2019 1967 inscriptionis

404 1974 467 2018 stri
486 1974 643 2021 praecepti
663 1974 817 2020 paginam
836 1975 991 2020 quoddam
1010 1975 1166 2017 Monaste-
1240 1924 1352 2067 'titulo
1378 1976 1421 2007 ad
1443 1983 1565 2020 partem
1594 1972 1688 2020 ipsius
1716 1974 1905 2016 Monasterii
1938 1972 2019 2019 legi-

414 2026 493 2059 rium
520 2024 605 2069 infra
631 2025 777 2059 Civitate
802 2025 1012 2069 Placentina,
1038 2027 1061 2059 ἃ
1087 2028 1169 2060 Bea-
1261 2026 1317 2059 bus
1342 2023 1518 2070 adquisitas
1537 2024 1580 2057 (9¹
1602 2024 1833 2070 adquirendas,
1855 2024 1911 2069 seu
1933 2024 2018 2071 quic-

413 2086 464 2110 tae
488 2075 639 2110 videlicet
664 2075 825 2110 memoriae
851 2075 1073 2124 Angelberga
1103 2077 1168 2110 Im·
1195 2077 1224 2110 E
1260 2074 1338 2122 quid
1362 2085 1416 2121 per
1442 2078 1568 2121 Regum
1593 2075 1647 2108 vel
1682 2077 1903 2121 Imperatorum
1928 2085 2019 2109 ante-

415 2124 584 2174 peratrice
607 2124 828 2170 conftrufium,
855 2126 899 2159 (θ’
924 2126 958 2160 in
982 2139 1070 2160 onore
1088 2129 1165 2161 San·
1262 2123 1402 2170 celsorum
1429 2124 1594 2166 nostrorum
1625 2128 1794 2172 Praecepta
1819 2126 1862 2161 ad
1889 2126 2018 2159 eundem

415 2177 458 2211 eli
485 2176 573 2212 sixti
601 2176 780 2211 dedicatum
796 2203 807 2220 ,
838 2177 961 2211 Bertae
993 2176 1168 2223 gloriofiffi-
1258 2176 1379 2221 sacrum
1406 2175 1503 2209 locum
1530 2176 1695 2210 collatum.
1722 2180 1834 2222 Atque
1860 2176 2018 2209 Cellulam

415 2240 481 2262 mae
507 2226 712 2271 Abbatiffe,
739 2225 1014 2276 consanguineae
1040 2227 1171 2262 nostrae
1261 2227 1418 2273 quandam
1436 2253 1446 2270 ‚
1482 2239 1560 2273 quae
1586 2226 1763 2273 antiquitus
1789 2225 2019 2266 Monaslerium

416 2291 480 2312 cum
508 2277 649 2312 omnibus
677 2276 748 2323 suis
781 2277 986 2324 pertinenciis
1010 2276 1169 2321 confirma·
1261 2278 1444 2319 dicebatur,
1475 2290 1534 2310 non
1562 2283 1667 2323 procul
1694 2279 1716 2311 d
1744 2276 1932 2311 Placentina
1962 2279 2022 2310 Ur-

419 2341 449 2361 re
474 2327 697 2374 dignaremur,
718 2326 817 2369 simul
842 2340 958 2376 quoque
978 2329 1173 2372 roborantes,
1263 2329 1298 2362 be
1317 2326 1437 2370 fitam,
1466 2327 1584 2367 locum,
1612 2327 1668 2373 qui
1687 2330 1791 2372 Caput
1811 2326 1944 2361 Trebiae
1963 2339 2023 2360 vo-

419 2378 461 2411 (9⁶
489 2378 522 2411 in
546 2388 727 2424 perpetuum
754 2380 947 2413 concedentes
973 2378 1072 2412 eicient
1099 2381 1166 2412 Mo·
1260 2387 1368 2421 eatur,
1396 2377 1428 2410 in
1449 2389 1511 2424 qua
1529 2377 1666 2418 Ecclesia
1684 2377 1902 2424 Apostolorum
1923 2376 2021 2411 Ρνῐνι-

419 2427 549 2470 nasterio
583 2428 734 2474 quasdam
760 2431 891 2473 Cortes,
930 2429 1173 2471 Wardestallam
1260 2427 1337 2474 cipis
1364 2440 1450 2460 onore
1475 2427 1583 2462 dicata
1609 2427 1762 2471 consistit,
1790 2440 1856 2462 cum
1879 2427 2020 2461 omnibus

412 2478 553 2524 fiilicet,
580 2480 734 2524 Campum
760 2479 930 2522 Miliatio‚
958 2482 1083 2513 curtem
1108 2482 1165 2513 No.
1264 2477 1346 2512 inibi
1365 2505 1374 2519 ,
1411 2478 1665 2524 quemadmodum
1701 2478 1934 2514 Karlomanus
1972 2476 2022 2513 se-

417 2542 485 2573 va,
520 2531 634 2573 Sexto,
670 2528 874 2573 Lacinium,
911 2529 1036 2564 Littera
1072 2530 1165 2564 Palu·
1238 2506 1459 2569 ireniffimus
1487 2530 1564 2563 Rex
1590 2528 1769 2576 antiquitus
1794 2530 1922 2564 eandem
1950 2528 2025 2572 Celg'

1868 2579 1975 2614 lulam
