2195 3032
225 219 308 272 685

540 210 1048 257 DISSERTATIO
1096 211 1404 257 OCTAVA:

1633 218 1716 258 686

167 276 327 318 relaxare,
363 275 419 309 vel
450 273 590 320 pejorare
625 271 824 319 quesierimus
849 282 923 307 ante
955 275 988 309 A
1017 269 1137 320 sponte
1164 281 1224 309 aut
1251 273 1392 309 coaetus
1419 273 1617 310 recefferat.
1658 275 1694 308 Id
1724 283 1774 310 ta-

159 327 370 372 suprascripto
395 325 554 367 constituto
569 350 579 366 ‚
613 325 762 370 promitto
797 335 844 359 me
870 331 924 371 egi>

164 389 223 423 que
243 378 341 423 supra
364 379 484 422 Agano
509 386 680 420 componere
706 376 766 411 tibi
784 377 920 411 Ambro-

159 427 207 469 fio
243 428 412 473 Episcopo,
449 425 504 460 vel
538 427 582 460 ad
610 425 823 471 successoribus
858 429 921 462 tuis

161 489 276 524 penam
302 486 463 523 argentum
483 477 602 522 solidos
628 478 743 511 mille:
769 478 844 525 quia
873 489 919 514 ta.

163 529 238 561 liter
265 529 346 561 inter
371 539 424 560 nos
450 529 619 563 convenit.
658 533 706 565 Et
730 531 811 564 duas
838 531 920 565 inter

165 591 218 612 nos
245 578 394 612 cartulas
421 583 549 613 Petrum
569 582 725 615 Clericum
749 582 919 617 Notarium

158 628 288 673 scrihere
315 630 514 674 rogavimus.

212 680 335 714 Aelum
362 682 468 716 Luca.

176 758 178 761 ,
211 731 347 777 Signum
365 744 476 765 manus
494 733 634 780 Agani,
661 734 718 781 qut'
743 735 822 770 hanc
841 738 916 770 Car.

162 781 232 815 tuln
254 780 330 825 fieri
356 783 503 827 rogavit.

213 835 284 878 Ego
309 832 489 877 sigifredus
516 835 688 881 Eptscopus
724 835 756 870 in
793 838 846 871 hoc
880 837 917 871 li-

161 882 243 916 bello
270 893 394 925 rogatus
421 886 461 918 ab
487 889 647 932 Aganone
666 886 853 933 subscripsi.

211 935 283 979 Ego
309 934 539 980 Anst'prandus
565 947 691 983 rogatus
715 938 757 971 ab
783 941 920 985 Hagano

161 995 208 1017 me
235 983 307 1025 teste
326 984 513 1032 subscripJJ'.

211 1036 283 1080 Ego
330 1039 444 1070 Petrus
487 1038 626 1072 Clericus
664 1039 818 1072 Notarius
851 1039 920 1086 post

161 1085 286 1118 tradita
312 1088 464 1132 complevi
491 1089 533 1121 (9‘
558 1088 651 1121 dedi.

214 1135 364 1170 Franc1s‹
378 1149 415 1171 us
443 1137 558 1172 Maria
587 1137 828 1174 Florentinius
854 1140 921 1176 Vir

161 1183 379 1221 dossiffimus
406 1187 615 1231 arbitratur,
643 1193 802 1235 Aganum
828 1190 920 1226 hunc

160 1248 231 1270 non
260 1237 364 1272 modo
392 1236 490 1273 fuifl'e
517 1240 669 1273 Comitem
697 1243 823 1284 Lucae,
862 1241 916 1278 sed

159 1287 192 1321 ὅ(
223 1287 438 1321 Marchionem
465 1290 617 1332 Tusciae,
646 1298 750 1338 atque
777 1291 813 1327 in
843 1306 913 1328 mo·

159 1347 318 1372 nument.
356 1338 554 1374 Mathildae
591 1341 799 1377 Comitiffae
836 1343 917 1379 Lib.

160 1399 193 1434 3.
224 1401 297 1435 pag.
331 1389 385 1424 16.
417 1391 584 1425 nonnulla
607 1391 648 1426 de
669 1405 710 1426 eo
738 1392 843 1428 refert
862 1408 910 1430 ru-

159 1437 237 1472 dera
266 1432 513 1484 antiquitatis,
555 1440 744 1485 speffianria
781 1443 821 1478 ad
860 1458 900 1479 an

157 1501 240 1522 num
271 1490 613 1526 DCCCXXXVIH.
638 1494 672 1527 8<
704 1495 916 1532 DCCCXL.

157 1538 281 1573 Eidem
325 1538 356 1574 se
384 1539 421 1574 in
455 1541 625 1590 ejusmodi
663 1543 833 1580 sententia
862 1546 915 1580 ad-

157 1589 277 1637 junxit
320 1589 470 1626 Cosmus
511 1592 553 1627 de
592 1595 707 1629 Arena
751 1596 787 1630 in
826 1597 918 1632 Serie

157 1641 297 1675 Ducum
327 1641 496 1678 Tusciae.
533 1645 608 1690 Ego
647 1644 681 1680 in
713 1658 748 1680 ea
778 1647 901 1691 opinio

157 1704 200 1726 ne
237 1690 335 1733 sum,
382 1691 494 1737 ipsum
532 1697 780 1732 tantummodo
816 1698 918 1746 egisse

157 1742 340 1777 Comitem
380 1744 522 1779 Lucae.
562 1748 623 1778 Per
648 1749 827 1791 „Aghanum
857 1752 909 1782 Co-

159 1792 264 1825 mitem
307 1791 403 1838 ipst'us
441 1795 601 1830 Civitatis
640 1796 745 1832 habet
786 1798 916 1834 Charra

158 1843 199 1877 ab
227 1841 349 1878 eodem
379 1845 602 1881 Flore-minio
635 1847 809 1883 indicata.
847 1852 908 1885 Ne-

157 1905 225 1939 que
247 1896 329 1929 vero
349 1895 441 1941 quod
464 1895 509 1931 iis
537 1898 755 1938 temporibus
769 1901 917 1934 Comitem

155 1947 261 1978 Lucae
302 1944 536 1992 reperiamus,
579 1949 749 1984 continuo
791 1949 915 1986 inferre

155 1993 265 2037 licet,
286 1995 446 2032 eumdem
465 2010 605 2045 quoque
627 2000 804 2044 praefuisse
822 2003 911 2036 Mar·

156 2044 255 2080 chiae
283 2046 468 2083 Etruscae.
506 2049 561 2083 Ad
592 2052 738 2086 Annum
768 2053 911 2087 DCCC·

155 2096 271 2131 LVII.
296 2098 451 2134 occurrit
472 2099 572 2134 nobis
594 2102 835 2148 Hildeprandus
857 2106 910 2136 Luv
953 2092 980 2124 E

156 2159 205 2180 cae
231 2150 367 2182 Comes:
391 2150 426 2183 8<
455 2149 572 2185 nihilo
603 2151 711 2187 secius
739 2162 822 2187 tunc
844 2155 909 2188 Tur

155 2195 259 2232 sciam
298 2198 443 2246 regebat
468 2202 666 2237 Adelbertus
693 2206 717 2238 Ῑ.
748 2204 917 2238 Marcbio.

154 2247 269 2295 Atqui
316 2248 397 2284 heic
434 2251 611 2288 cernimus
645 2257 804 2300 Aganum
844 2255 917 2288 olim

154 2299 306 2333 Comitem
343 2300 459 2336 adhuc
484 2302 695 2339 viventem:
734 2318 816 2353 ergo
855 2304 916 2340 ali-

154 2350 222 2395 qua
258 2349 302 2386 de
341 2351 456 2388 caussa
491 2366 534 2390 ex
569 2367 610 2391 ea
646 2354 824 2405 dignitate
858 2363 919 2391 aut

951 1184 982 1218 C

1006 334 1095 368 *men
1116 337 1192 360 raro
1213 324 1366 361 fastum:
1390 325 1503 361 immo
1524 334 1681 374 parentes
1701 327 1773 362 Co-

1017 373 1119 410 mites
1136 403 1147 419 ,
1175 375 1229 411 uti
1256 374 1357 424 supra
1384 375 1529 421 monui,
1565 375 1659 412 filios
1687 390 1774 422 quo.-

1014 438 1080 472 que
1108 425 1145 461 in
1175 425 1374 475 hujusmodi
1403 440 1545 463 munere
1572 426 1773 463 successores

1014 475 1138 511 habere
1167 477 1441 513 consueverunt:
1473 479 1569 526 cujus
1598 478 1705 513 moris
1731 478 1774 513 il-

1014 526 1115 563 lustre
1151 529 1354 576 exemplum
1391 528 1518 576 prostat
1554 529 1592 564 in
1624 529 1774 576 Majori·

1016 577 1076 613 bus
1105 579 1350 615 celeberrimae
1377 579 1586 615 comitissae
1622 579 1775 614 Mathil-

1012 627 1086 663 dis.
1102 630 1265 678 Ejusdem
1281 632 1432 665 proavus
1449 630 1485 664 in
1498 629 1629 665 Charta
1643 657 1651 672 ,
1668 643 1773 673 quam

1012 679 1196 727 evulgavit
1218 680 1429 716 Bacchinius
1457 679 1493 714 in
1515 679 1670 715 Historia
1691 682 1774 715 Mo-

1013 729 1132 765 naster.
1161 730 1422 766 Padolironens.
1452 742 1527 778 pag.
1554 742 1605 765 12.
1630 732 1773 778 Appen-

996 780 1079 816 'dic.
1096 781 1145 816 ita
1167 781 1355 821 inscriptus
1371 779 1442 816 fuit
1462 783 1572 816 Anno
1589 782 1772 817 DCCCC-

1011 834 1164 868 LXVII.
1192 833 1394 868 Adalbertus
1429 833 1485 878 qui
1511 832 1554 866 (9⁸
1580 836 1665 867 Atto
1696 845 1774 879 gra-

1013 883 1060 916 tia
1088 886 1149 917 Det
1177 885 1286 917 Comes
1312 882 1540 923 Mutinensis:
1576 895 1681 930 quare
1719 884 1772 917 in-

1012 933 1173 981 telligis,
1202 933 1315 969 eidem
1344 932 1557 968 Mutinenfis
1586 931 1692 967 Urbis
1720 946 1772 967 re-

1008 983 1126 1030 gimen
1163 983 1262 1019 fuisse
1290 983 1533 1018 commiffum.
1572 986 1686 1018 Immo
1714 996 1772 1018 eo-

1008 1033 1088 1068 dem
1130 1042 1310 1081 tempore,
1355 1046 1395 1068 ac
1436 1047 1513 1068 raro
1551 1033 1770 1081 privilegio,

1010 1083 1169 1132 Regienfi
1211 1085 1319 1120 etiarn
1364 1084 1453 1119 Urbi
1492 1083 1602 1119 titulo
1639 1084 1773 1117 Comitis

1006 1133 1223 1182 imperabat,
1261 1134 1315 1170 uti
1343 1135 1566 1182 exploratum
1605 1134 1770 1170 habemus

1007 1198 1049 1219 ex
1086 1187 1194 1221 Tom.
1223 1188 1265 1219 V.
1297 1199 1372 1233 pag.
1414 1189 1522 1230 1382.
1561 1186 1640 1220 Ital.
1677 1187 1768 1220 sacr.

1011 1235 1193 1284 Ughellii,
1222 1236 1281 1271 ubi
1303 1235 1490 1271 exhibetur
1515 1235 1680 1281 Diploma
1703 1238 1769 1271 Ot-

992 1286 1101 1336 Εῐοηὶε
1133 1288 1158 1321 I.
1182 1286 1326 1335 Augusti
1342 1314 1351 1329 ,
1380 1286 1534 1334 spe&ans
1556 1287 1597 1321 ad
1619 1288 1765 1322 Annum

992 1339 1312 1381 2DCCCCLX1V.
1353 1338 1387 1372 δ(
1430 1336 1624 1372 concessum
1672 1338 1769 1371 inter.

993 1393 1106 1422 'ventu
1133 1389 1177 1422 Θ·
1201 1388 1352 1435 petitione
1377 1388 1550 1423 Aaeelbertt'
1578 1388 1684 1422 incliti
1708 1391 1768 1422 Co-

1006 1440 1094 1472 mitis
1121 1439 1287 1485 Regienlis
1311 1438 1380 1479 sive
1408 1438 1621 1479 Motinensis.
1657 1438 1767 1473 Adai-

993 1490 1105 1532 ¹berto
1142 1488 1212 1525 five
1248 1490 1402 1525 Alberto
1430 1489 1560 1524 Attoni
1598 1489 1768 1533 Comiti,

1006 1540 1066 1588 qui
1095 1542 1204 1576 titulo
1232 1554 1373 1589 quoque
1400 1540 1599 1575 Marcbt‘om's
1624 1550 1768 1576 ornatus

991 1582 1277 1639 'deprehenditur
1314 1592 1351 1626 in
1379 1591 1523 1627 Chartis
1552 1591 1703 1627 Tedaldi
1733 1605 1770 1626 e-

947 1643 979 1675 D
1008 1643 1059 1690 jus
1088 1641 1179 1686 filii,
1207 1642 1373 1678 successor
1392 1641 1461 1677 fuit
1489 1642 1585 1678 idem
1604 1643 1769 1677 Tedaldus

1008 1694 1182 1737 Marcht'o,
1219 1693 1329 1728 titulo
1366 1692 1504 1727 Comitis
1526 1702 1690 1734 ornatus,
1729 1693 1767 1728 in

1007 1743 1179 1791 regimine
1207 1757 1244 1778 ac
1272 1743 1562 1779 denominatione
1592 1743 1766 1779 Civitatis

1008 1794 1193 1841 Regiensis.
1221 1793 1259 1828 Id
1287 1806 1393 1829 nemo
1416 1793 1593 1841 hucusque
1611 1793 1770 1828 animad-

1011 1854 1181 1881 verterat.
1206 1844 1270 1880 Sed
1296 1857 1386 1880 nunc
1407 1844 1621 1886 perspicient
1639 1844 1770 1879 Lefi‘to-

1008 1910 1060 1931 res
1086 1910 1129 1931 ex
1161 1896 1321 1938 placito,
1357 1895 1450 1942 quod
1489 1894 1553 1930 ine
1580 1893 1704 1930 habuit
1731 1894 1770 1930 in

1009 1947 1161 1982 Castello
1189 1945 1324 1993 Carpi,
1362 1954 1446 1981 tunc
1475 1946 1515 1980 ad
1543 1945 1770 1981 Comitatum

1011 1997 1113 2045 Regii
1149 1996 1346 2043 Γρεξὶεηῒε,
1384 1995 1608 2031 affidentibus
1635 1995 1667 2031 ei
1697 1998 1771 2031 To-

1011 2057 1093 2083 tone
1119 2047 1227 2083 Miffo
1252 2047 1399 2082 Ottonis
1427 2049 1491 2082 ῐΙΙ.
1520 2047 1771 2091 Imperatoris,

1012 2100 1043 2134 8<
1067 2097 1254 2133 Bonifacio
1274 2097 1378 2145 ipsius
1397 2097 1549 2133 Tedalffi
1571 2097 1670 2142 filio,
1692 2100 1771 2133 Ma-

1014 2149 1147 2184 thildae
1174 2148 1384 2184 Comitiffae
1413 2148 1521 2192 postea
1560 2157 1680 2195 patre.
1716 2151 1772 2183 En

1014 2200 1127 2248 igitur
1152 2211 1357 2248 pergamena
1386 2199 1489 2245 hujus
1517 2199 1565 2234 rei
1595 2198 1710 2239 testis,
1739 2213 1773 2235 e.

1015 2250 1115 2286 duffla
1138 2264 1181 2286 ex
1201 2250 1397 2286 Tabulario
1424 2249 1683 2286 Monachorum
1704 2252 1773 2287 Ca-

1016 2300 1196 2338 finenfium
1223 2300 1343 2338 SanE'ci
1371 2300 1468 2339 Petri
1496 2300 1700 2351 Regiensffi.

1606 2606 1721 2643 Placi-
