2195 3032
472 226 554 270 399
786 211 1170 271 ANTIQUIT.
1217 212 1437 257 MEDII
1478 214 1652 258 AEVJ

1873 223 1963 272 600,

407 273 517 309 Erant
545 281 661 309 autem
697 271 730 306 8<
768 271 858 307 aliae
884 272 1052 317 Cauffae,
1081 287 1166 323 quas
1201 275 1233 309 A
1257 273 1390 311 diversa
1406 275 1489 312 haec
1505 277 1689 326 leguntur:
1712 276 1777 310 sed
1790 278 2015 312 tantimzPau.

409 323 536 371 absque
574 321 740 371 peculiari
769 322 892 366 venia,
931 333 990 360 aut
1017 323 1168 374 imperio

409 373 585 421 Principis
609 372 774 409 dirimere
797 387 839 410 ne
862 374 923 423 ipsi
946 376 1088 424 quidem
1109 381 1164 413 Co·

406 424 480 459 miti
506 423 632 459 Palatii
656 424 807 461 licebat.
834 427 956 474 Atque
983 428 1021 464 in
1049 442 1165 465 earum

409 487 556 510 numero
591 474 775 524 praecipue
810 477 1075 515 recensebantur
1104 482 1163 515 Por

408 525 602 561 tentiorum
632 526 910 573 controversiae,
937 529 990 565 uti
1019 544 1082 566 nos
1110 530 1165 566 do-

409 585 463 611 cet
494 577 571 613 Lex
602 578 735 613 XLIII.
767 579 890 615 Caroli
921 581 1047 629 Magni
1078 582 1169 617 inter

408 626 713 675 Langobardicas,
733 629 825 665 Part.
849 632 893 665 11.
909 631 1020 667 Tomi
1041 634 1067 667 1.
1089 634 1167 668 Rer.

407 677 522 712 Italic.
559 676 746 714 secundum
785 679 979 717 editionem
1013 683 1168 719 Goldasti

1255 339 1361 375 perum
1390 327 1433 361 &⁸
1459 327 1563 362 minus
1589 328 1768 363 Potentiam
1797 328 1841 361 ad
1875 327 2017 373 justitias

1257 379 1414 421 faciendas
1435 379 1516 423 sciat
1535 379 1601 421 fibi
1626 378 1681 424 effe
1706 379 1911 415 vacandum:
1937 378 2016 427 qui-

1261 432 1320 465 bus
1348 429 1586 479 significatur,
1624 431 1715 466 nihil
1743 429 1899 465 vulneris
1926 429 2017 465 inla-

1261 491 1334 516 tum
1371 479 1556 516 latiffimae
1592 480 1797 517 au6toritati
1827 479 2015 516 Comitum

1263 530 1412 576 Palatii,
1448 530 1502 566 sed
1540 531 1787 567 tantummodo
1815 530 2016 567 consultum

1260 581 1423 631 religioso
1449 581 1560 617 studio
1587 591 1691 630 atque
1719 583 1852 618 cautela
1875 580 2017 618 necessi·

1262 633 1391 668 tatibus
1421 634 1635 680 Pauperum.

1310 685 1410 718 Unus
1435 692 1550 718 autem
1571 683 1742 718 Palatinus
1761 687 1868 718 Comes
1882 683 1928 725 >in
1951 684 2015 718 Pa-

406 726 461 763 his
482 738 650 775 concepta
674 729 808 766 verbis:
839 733 960 766 Nullus
980 737 1086 768 Comes
1105 738 1165 769 Pa-
1205 729 1232 763 Β
1258 733 1347 769 latio
1385 736 1595 769 Francorum
1634 736 1767 783 Regum
1806 734 1846 769 ad
1884 733 2016 769 illustre

404 778 481 812 latii
508 779 602 820 nostri
628 781 841 815 Potentiorum
868 782 999 828 Cauffas
1019 783 1090 825 fine
1116 798 1160 819 no-

399 828 470 871 stra
494 828 624 874 juffione
642 829 743 875 finire
766 833 946 879 praesumat
964 848 981 876 ‚·
1009 835 1069 879 sed
1095 846 1164 870 tan·

408 880 476 914 ticm
503 883 682 927 Pauperum
711 882 756 916 (J
789 883 894 918 mr'nus
921 888 1091 920 Potentum
1126 888 1170 921 ad

401 928 547 976 justitias
578 931 742 973 faciendas
771 934 807 978 se
835 934 920 979 sciat
947 936 1168 978 constitutum.

406 981 508 1025 Quae
520 982 623 1016 verba
640 995 859 1031 nequaquam
875 985 1078 1033 deprimunt
1094 1000 1165 1023 mu·

405 1044 470 1066 nus
496 1031 653 1067 Comitis
682 1034 859 1078 Palatini,
884 1036 957 1084 ejus
981 1036 1161 1073 auetorita-

405 1090 478 1116 tem
509 1081 550 1115 ad
588 1095 671 1118 unas
701 1085 896 1132 Pauperum
924 1087 1065 1123 Cauffas
1103 1089 1164 1124 mi·

405 1130 538 1178 nusque
571 1133 761 1168 Potentum
793 1136 1009 1172 coercendo:
1050 1137 1104 1174 sed
1134 1138 1167 1174 id

405 1181 658 1218 tantummodo
694 1183 875 1230 statuunt,
912 1195 950 1222 ut
987 1200 1057 1223 non
1095 1198 1165 1224 tam
1201 1185 1230 1217 C

404 1230 509 1268 facile
532 1231 571 1268 in
591 1233 726 1270 Cauffis
754 1236 999 1273 Potentiorum
1028 1238 1152 1275 audien

404 1282 458 1318 dis
487 1291 603 1319 totum
631 1293 794 1332 tempus,
823 1286 1042 1336 studiumque
1071 1288 1165 1325 suum

404 1333 469 1369 ille
505 1333 686 1380 insumat,
724 1338 936 1384 Pauperibus
973 1339 1169 1388 neglessis,

405 1397 556 1432 quorum
584 1386 727 1435 negotia
754 1388 978 1437 Principibus
1001 1403 1079 1426 vere
1103 1391 1170 1437 piis

405 1436 439 1471 &
467 1435 677 1473 Christianis
694 1465 703 1482 ,
735 1451 926 1488 eorumque
954 1440 1163 1490 Magistrati-

406 1485 470 1521 bus
487 1487 682 1524 accuratius
702 1491 917 1538 procuranda
933 1501 1031 1527 erant
1043 1518 1051 1527 .
1068 1494 1170 1528 Hanc

404 1535 505 1573 fuisse
542 1549 698 1575 mentem
728 1541 851 1577 Caroli
881 1542 1008 1586 Magni
1026 1571 1036 1586 ,
1074 1553 1164 1579 ante-

405 1587 529 1624 cedens
553 1590 785 1639 paragraphus
810 1592 927 1640 prodit
952 1592 1007 1628 his
1030 1594 1166 1630 verbis:

404 1641 455 1673 Ne
479 1649 605 1686 propter
629 1642 683 1675 hoc
706 1645 886 1688 Pauperum
910 1644 953 1676 (9⁵
979 1645 1082 1678 minus
1108 1648 1167 1679 Po·
1202 1645 1235 1678 D

404 1699 526 1722 tentum
547 1689 695 1735 justitiae
717 1704 919 1728 remaneant.
948 1694 1005 1729 Ad
1028 1694 1111 1729 haec
1136 1709 1153 1730 a

405 1738 525 1774 mabat
552 1739 676 1777 rescire
703 1740 944 1779 solertissimus
972 1745 1168 1792 Augustus,

404 1788 442 1823 in
471 1802 577 1835 quam
606 1790 816 1827 sententiam
853 1793 1042 1830 inclinaret
1071 1797 1163 1831 Pala-

404 1838 449 1874 tii
478 1841 637 1885 Comes,
674 1843 815 1889 quando
854 1845 1074 1881 Potentiores
1111 1846 1164 1881 ad-

404 1891 523 1925 versus
555 1893 723 1940 Pauper-es
760 1903 820 1930 aut
856 1895 973 1931 minus
1003 1898 1167 1932 Potentes

405 1940 618 1986 {itigabann
648 1943 780 1980 veritus
798 1972 808 1990 ,
836 1958 879 1981 ne
907 1945 978 1994 ipsa
1008 1947 1166 1994 potentia

405 1991 563 2028 animum
591 1992 726 2037 Judicis
751 1995 788 2031 in
814 1996 1046 2033 transversum
1072 2012 1165 2046 rape-

404 2051 477 2079 ret.
503 2045 672 2080 Ceterum
699 2044 782 2081 hinc
802 2047 911 2082 etiam
937 2049 1072 2094 elucet,
1098 2062 1169 2084 non

406 2093 522 2130 minus
568 2097 759 2143 Pauperum
782 2125 793 2141 ,
829 2111 934 2145 quam
978 2101 1167 2137 Potentum
1199 2112 1226 2146 E

407 2145 536 2181 cauffas
573 2147 775 2194 pertinuisse
812 2149 853 2184 ad
884 2149 1059 2186 Tribunal
1097 2153 1167 2187 Co-

406 2196 506 2231 mitis
539 2198 689 2242 Palatii,
718 2212 929 2246 quamquam
956 2201 998 2236 ad
1022 2201 1081 2237 has
1107 2216 1164 2250 po·

406 2245 545 2283 stremas
571 2250 802 2288 exoediendas
829 2265 915 2299 opus
943 2251 1033 2288 foret
1063 2252 1168 2300 Regis

407 2298 530 2333 venis.
560 2301 709 2337 Accedit
737 2301 830 2350 quod
858 2304 895 2337 in
924 2304 1030 2338 MSto
1057 2303 1165 2339 Codi-

409 2360 446 2383 ce
476 2350 611 2398 Legum
645 2353 985 2401 Langobardicarum
1012 2353 1166 2391 adserva-

407 2406 448 2434 to
482 2398 520 2434 in
558 2403 780 2440 Bibliotheca
817 2403 968 2449 Estensi,
1003 2405 1038 2441 &
1075 2406 1164 2455 apud

407 2450 593 2487 Baluzium
606 2480 616 2495 ,
637 2454 716 2490 loco
736 2469 856 2491 eorum
872 2457 1079 2492 verborum:
1103 2459 1169 2492 Sed

407 2503 534 2536 tantiam
570 2507 746 2551 Pauperum
782 2507 825 2540 (θ’
860 2508 965 2542 minus
998 2511 1166 2543 Parentum

414 2553 451 2587 ad
466 2553 612 2599 justitias
624 2555 789 2600 faciendas
801 2557 836 2603 ft:
846 2559 931 2604 sciat
949 2559 1167 2605 constitutum,

1262 798 1384 820 munus
1403 784 1499 820 suum
1517 784 1703 833 gerendum
1723 783 1908 820 consedisse
1924 784 1966 819 ab
1982 797 2017 819 a·

1261 835 1415 884 liquibus
1432 836 1603 871 creditur.
1624 836 1794 871 Attamen
1812 847 2019 870 monumen-

1263 897 1295 922 ta
1323 900 1393 922 non
1423 886 1567 929 desunt,
1597 885 1693 922 fuiffe
1720 899 1793 921 uno
1825 885 2019 932 eodemque

1262 948 1418 981 tempore
1441 937 1549 972 duos.
1577 938 1616 971 In
1645 936 1797 985 Epistola
1824 937 1886 971 XI.
1909 935 2018 984 Egin-

1262 988 1351 1023 barti
1382 987 1441 1024 sub
1471 986 1657 1024 Ludovico
1686 987 1752 1023 Pio
1780 995 2019 1021 memorantur

1259 1039 1419 1073 Gebuinus
1448 1039 1491 1072 (9⁰
1520 1039 1720 1073 Ruodbertus
1749 1038 1884 1072 Comites
1918 1037 2019 1072 Pala-

1260 1089 1320 1132 tii,
1348 1102 1496 1136 quorum
1519 1089 1624 1124 etiam
1646 1088 1800 1124 occurrit
1824 1088 1959 1123 mentio
1979 1086 2017 1121 in

1265 1140 1460 1174 Annalibus
1482 1138 1724 1174 fuldensibus.
1751 1138 1836 1173 Alia
1859 1139 2021 1185 exempla

1261 1190 1371 1225 adfert
1400 1188 1649 1225 eruditissimus
1675 1188 1911 1224 Mabillonius
1939 1201 2022 1223 con-

1261 1251 1312 1275 tra
1348 1240 1586 1288 Conringium
1622 1240 1664 1275 de
1699 1242 1749 1275 Re
1785 1238 2020 1279 Diolomatic.

1260 1290 1341 1326 Lib.
1367 1302 1399 1325 2.
1425 1292 1512 1338 Cap.
1542 1301 1598 1325 ii.
1624 1303 1719 1324 num.
1746 1301 1802 1336 14.
1829 1289 1935 1335 Quod
1962 1302 2021 1325 ve·

1259 1344 1296 1375 ro
1325 1340 1467 1388 propius
1502 1339 1700 1375 institutum
1737 1352 1851 1374 meum
1881 1339 2021 1375 contin-

1259 1390 1335 1438 git,
1363 1390 1453 1426 illud
1482 1389 1547 1435 est,
1577 1389 1674 1426 fuiffe
1703 1389 1739 1425 in
1768 1388 1885 1425 caussa
1910 1388 2024 1424 neces-

1261 1440 1374 1477 sitates
1405 1443 1642 1490 Populorum,
1673 1443 1945 1490 Regnorumque
1971 1439 2024 1475 di-

1261 1491 1430 1536 visiones,
1459 1503 1498 1528 ut
1526 1491 1644 1528 sensim
1674 1496 1788 1541 plures
1815 1491 2022 1527 inveheren-

1261 1553 1316 1579 tur
1340 1543 1503 1579 Comites
1532 1542 1681 1579 Palatii.
1710 1545 1763 1578 Ita
1792 1541 1958 1578 consciffo
1982 1554 2021 1576 o-

1259 1593 1322 1629 lim
1353 1592 1391 1629 in
1430 1595 1527 1641 plura
1558 1596 1676 1642 Regna
1706 1597 1918 1629 Francorum
1950 1593 2020 1628 Im-

1263 1643 1380 1692 perio,
1407 1643 1538 1692 singula
1566 1658 1608 1680 ex
1637 1645 1681 1680 iis
1709 1644 1806 1679 suum
1836 1642 2019 1679 Comitem

1261 1695 1409 1731 habuere
1437 1695 1660 1738 Palatinum,
1688 1694 1806 1741 qualia
1835 1694 1927 1730 fuere
1955 1696 2021 1729 Re-

1260 1759 1327 1794 gna
1361 1746 1578 1794 Aquitaniae
1614 1747 1646 1781 8<
1686 1745 1927 1794 Burgundiae.
1966 1747 2021 1781 Ita

1262 1796 1350 1840 apud
1370 1798 1586 1840 Germanos,
1609 1796 1818 1840 Britannos,
1844 1795 2021 1839 Polonos,

1261 1848 1294 1882 8<
1323 1849 1512 1897 Hungaros
1541 1847 1610 1883 fuit
1637 1848 1674 1883 in
1711 1846 1772 1883 usu
1808 1846 1927 1882 eadem
1958 1845 2023 1881 Di-

1261 1897 1399 1946 gnitas,
1436 1899 1558 1946 ibique
1595 1911 1703 1946 aeque
1730 1911 1768 1934 ac
1798 1898 1887 1943 apud
1914 1899 2022 1931 Fran·

1261 1962 1318 1984 cos
1346 1962 1473 1997 magno
1502 1949 1539 1985 in
1577 1949 1709 1986 honore
1746 1948 1885 1984 habita.
1922 1947 2021 1983 Hinc

1263 1998 1388 2035 Italico
1417 2002 1560 2049 Regno,
1586 2001 1643 2036 vel
1669 2010 1752 2035 tunc
1779 2012 1887 2047 quum
1912 2000 2021 2033 fran-

1260 2063 1380 2086 corum
1418 2051 1572 2099 Imperio
1608 2051 1768 2094 suberat,
1804 2049 1882 2085 suus
1917 2048 2019 2085 datus

1261 2101 1305 2136 est
1340 2105 1448 2136 Comes
1483 2102 1635 2145 Palatii,
1671 2115 1742 2150 quo
1779 2113 1902 2148 nempe
1938 2113 2022 2135 con-

1262 2151 1429 2188 suleretur
1458 2154 1673 2201 Populorum
1702 2151 1912 2193 commodo,
1941 2150 2022 2199 qui-

1262 2205 1325 2238 bus
1351 2202 1611 2239 intolerandum
1633 2211 1726 2246 erat,
1751 2200 2019 2238 remotissimam

1261 2256 1473 2290 Francorum
1511 2255 1764 2302 Imperatorum
1802 2253 1922 2289 Sedem
1961 2266 2019 2300 pe-

1261 2313 1356 2348 tere,
1392 2315 1431 2341 ut
1458 2303 1614 2341 Comitis
1652 2303 1806 2340 Palatini
1844 2302 2016 2352 judicium

1260 2354 1433 2391 subirent.
1461 2355 1634 2392 Ticinum
1662 2358 1771 2399 vere,
1799 2364 1922 2403 utpote
1951 2357 2015 2391 Re-

1259 2406 1319 2455 gni
1358 2406 1477 2442 Italici
1514 2405 1758 2454 Metropolis,
1798 2419 1835 2441 ea
1873 2405 2015 2441 Civitas

1259 2457 1353 2499 fuit,
1392 2457 1451 2492 ubi
1484 2457 1687 2493 Italicorum
1724 2455 1799 2493 usui
1830 2456 2014 2492 destinatus

1261 2507 1388 2544 Palatii
1410 2510 1539 2544 Comes
1565 2509 1768 2557 plerumque
1793 2510 2013 2551 morabatur,

1258 2560 1292 2596 ὃς
1321 2559 1373 2606 jus
1399 2559 1557 2596 dicebat.
1593 2561 1735 2606 Quanta
1767 2568 1881 2596 autem
1909 2559 2012 2616 Comi-

1920 2619 1964 2643 trs
