2195 3032
473 253 526 292 23
776 233 1434 292 ANTIQUIT.MED11
1483 232 1655 277 AEVI
1895 250 1953 296 24·

407 295 477 332 sive
506 295 725 332 DCCLVII.
755 293 791 330 in
822 308 933 344 pugna
961 305 1082 330 contra
1110 297 1165 330 Sa·
1178 296 1225 335 Α
1249 296 1357 332 Nono
1403 303 1607 329 excurrente
1649 292 1799 329 Afiatici
1850 298 2009 337 Saraceni

407 359 515 383 xones
543 346 808 389 Occidentales‚
837 357 917 388 aut,
947 354 984 379 ut
1015 345 1076 380 alii
1105 359 1167 381 vo·
1178 331 1181 373 l

407 397 513 439 lunt,
550 397 567 431 ὲ
597 395 790 431 custodibus
819 395 869 430 sui
898 396 1079 443 corporis,
1117 398 1167 432 A·

408 446 602 481 delwaldus
643 449 714 481 Rex
754 445 886 481 occisus
924 444 1017 490 fuit,
1064 456 1167 495 atque

409 497 449 531 ad
479 496 566 531 alios
604 499 713 545 Reges
742 496 812 543 ejus
852 498 1010 544 Regnum
1048 511 1166 545 perve-

407 546 488 581 nit.
517 547 618 582 Illius
639 546 802 581 interitus
828 545 983 582 filiorum
1005 561 1166 595 quoque,

408 606 468 632 aut
505 597 624 632 saltem
654 595 806 631 filiarum
841 596 1017 633 fortunam
1048 598 1167 646 susque

406 647 517 693 deque
555 647 691 682 vertisse
729 646 893 692 videtur,
939 658 978 684 ut
1021 649 1166 698 proinde

405 696 510 745 justae
538 697 756 745 conjeSlurae
785 697 824 732 fit
852 700 975 742 locus,
1008 701 1160 734 Adeltru-

404 748 479 781 dam
509 748 582 795 ejus
619 747 730 783 filiam
767 748 804 783 in
832 757 932 784 tanto
968 763 1082 785 rerum
1110 760 1161 786 tu·

405 799 522 834 multu
543 807 684 833 'vertere
713 798 824 834 solum
842 826 851 843 ‚
880 808 984 846 atque
1011 800 1052 835 ad
1081 801 1162 836 alie-

405 861 467 883 nas
497 858 603 884 terras
639 848 808 897 emigrare
847 849 1003 885 coafitam
1042 849 1163 886 fuisse.

404 898 599 934 Lucensem
622 913 703 934 vero
731 899 929 935 Civitatem
950 899 1010 935 fibi
1039 901 1077 936 ea
1096 900 1158 935 fon

405 949 489 984 ‘tasse
517 950 558 985 de
586 950 695 985 cauffa
733 950 865 998 elegit,
903 959 941 986 ut
968 950 1018 986 ibi
1049 950 1163 985 dicata

404 1001 484 1035 Deo
510 1000 685 1047 reliquum
715 1000 809 1037 vitae
836 1009 951 1049 ageret
970 1029 979 1045 ‚
1008 1001 1100 1048 quod
1126 1001 1162 1036 in

405 1064 444 1086 ea
472 1051 659 1095 civitate,
696 1065 782 1098 quae
811 1060 894 1086 tunc
931 1051 1081 1087 Tusciae
1110 1065 1148 1087 ca

405 1110 469 1149 put
497 1101 589 1136 inter
613 1111 742 1137 ceteras
770 1103 842 1149 ejus
869 1101 1077 1137 Provinciae
1098 1104 1161 1137 Ur-

404 1152 464 1187 bes
491 1152 694 1196 eminebat,
732 1152 859 1199 aliquis
887 1152 925 1187 in
958 1152 1090 1188 honore
1117 1152 1161 1188 es-

404 1201 455 1237 set
476 1202 507 1237 ei
529 1202 831 1251 consanguinitate
852 1203 1080 1252 conjuncstus,
1105 1212 1176 1239 aut*

405 1253 424 1287 ὲ
452 1253 603 1288 Saxonia
630 1253 796 1289 oriundus
814 1281 823 1289 .

458 1305 582 1350 Neque
606 1303 684 1338 heic
708 1307 952 1348 Saracenorum,
981 1304 1049 1340 sive
1074 1308 1160 1340 ,Ανα-

406 1355 478 1387 ἱτιιιιι
505 1353 592 1401 gesta
621 1355 866 1401 praetereunda
893 1332 995 1403 surit;
1022 1369 1101 1390 nam
1130 1357 1163 1389 ὃ(

404 1403 463 1438 hic
494 1405 669 1450 Populum,
697 1417 739 1438 ex
768 1417 838 1450 quo
867 1408 1066 1438 Romanum
1095 1408 1160 1438 Im-

405 1452 541 1502 perium
570 1452 608 1488 in
635 1452 736 1488 frusta
761 1452 939 1488 concisum
965 1452 1098 1496 fuerat,
1124 1453 1164 1487 ad

405 1504 606 1552 portionem
645 1503 787 1550 praedae
819 1502 891 1551 ipse
918 1516 1058 1550 quoque
1095 1516 1163 1538 non

406 1553 519 1601 legnis
541 1552 767 1588 convolavit.
793 1554 937 1588 Saeculo
958 1552 1087 1588 Christi
1110 1555 1160 1587 Se-

405 1605 520 1652 ptimo
548 1603 598 1638 ita
626 1616 745 1638 eorum
774 1602 865 1637 vires
896 1602 1098 1645 invaluere,
1128 1611 1164 1637 ut

404 1653 550 1691 Africae
588 1653 746 1702 regiones
785 1652 953 1688 Romanis
987 1652 1075 1687 olim
1104 1652 1161 1687 ob-

403 1713 660 1753 tempeiantes‚
692 1703 834 1738 Graecis
864 1711 948 1738 tunc
975 1702 1027 1738 ibi
1055 1702 1161 1749 impe

403 1755 562 1791 rantibus
578 1754 790 1802 eripuerint.
812 1755 907 1789 Tum
926 1752 1070 1788 ineunte
1087 1755 1161 1788 Sae-

404 1807 485 1841 culo
522 1805 660 1840 O&avo
698 1813 810 1839 totam
848 1804 917 1839 fere
954 1803 1160 1851 Hispaniam

403 1855 628 1901 lacrymabili
673 1854 813 1889 excidio
854 1853 916 1888 fibi
958 1853 1160 1909 subdidere,

403 1919 508 1954 quarn
536 1919 594 1954 per
619 1906 798 1953 complura
824 1905 964 1940 Saecula
991 1905 1071 1952 jugo
1098 1904 1157 1939 ser

402 1956 532 1991 vitutis
584 1956 772 2004 pwefferunt
794 1982 803 1998 ,
846 1954 1010 1990 finitimis
1054 1953 1159 1990 etiarn

402 2006 533 2042 Galliis
562 2005 693 2041 infesti.
724 2008 847 2052 Neque
880 2005 957 2040 heic
985 2005 1078 2040 stetit
1105 2018 1158 2039 eo-

403 2071 481 2093 rum
518 2056 675 2092 fortuna.
716 2058 807 2091 Nam
846 2054 987 2090 circiter
1014 2057 1158 2090 Annum

403 2107 534 2145 Christi
589 2108 878 2142 DCCCXXVH.

403 2157 606 2205 proditione
631 2156 734 2200 freti,
756 2156 914 2191 Siciliam
941 2155 1092 2191 Insulam
1114 2154 1156 2190 fe-

403 2206 605 2243 liciffimam
643 2206 826 2254 paullatim
855 2207 892 2241 in
921 2205 1016 2241 suam
1053 2206 1156 2241 ditio-

403 2271 483 2294 nem
505 2257 730 2306 redegerunt‚
751 2266 826 2292 tum
851 2255 962 2291 solum
985 2256 1065 2291 inde
1086 2257 1159 2304 pul-

403 2308 449 2353 ᾗ,
478 2321 586 2356 quum
621 2308 794 2342 Robertus
830 2306 1061 2350 Guiscardus,
1090 2307 1153 2355 eju-

404 2358 486 2406 sque
514 2357 619 2393 frater
648 2358 838 2405 Rogerius,
868 2357 1086 2392 celeberrimi
1118 2370 1159 2391 ex

405 2408 664 2445 Nortmannica
701 2417 802 2456 gente
838 2407 931 2449 viri,
968 2408 1162 2442 inclinante

403 2460 549 2502 Saeculo
578 2458 774 2493 Undecimo
800 2457 1020 2494 immundum
1050 2460 1155 2505 Popu-

405 2511 479 2546 lum
508 2508 588 2545 inde
625 2508 782 2556 fugarit„
812 2507 869 2542 Ad
898 2508 980 2543 haec
1017 2509 1160 2543 Saeculo

486 2609 500 2621 ⁸
525 2613 633 2639 Rerum
660 2608 753 2638 [mliv.
780 2607 838 2637 ἕλη-ι’
904 2618 952 2636 ν;,ι
976 2611 1029 2644 Opi

929 2105 1159 2153 quorumdam
1192 2124 1216 2155 Ε

1248 345 1371 381 multis
1399 344 1583 380 Calabriae
1620 344 1842 381 Civitatibus
1877 350 2006 395 potiti,

1248 409 1319 431 non
1347 405 1514 431 terrorem
1552 396 1690 430 tantum
1718 395 1774 431 sed
1812 410 1906 432 arma
1934 398 2006 446 ipsa

1249 446 1353 495 usque
1378 445 1418 480 ad
1446 445 1585 481 moenia
1612 448 1790 481 Romanae
1822 450 1868 482 Ui
1867 448 1929 483 bis
1954 458 2009 485 tu.

1247 498 1337 533 lere.
1365 496 1514 531 Decimo
1535 496 1688 531 tamdem
1715 499 1859 533 Saeculo
1880 498 2008 542 Hilpa.

1248 547 1321 583 nici
1363 546 1522 582 Saraceni
1559 547 1767 581 fraxinetum
1808 548 1844 583 in
1884 550 2008 586 ltaliae

1248 598 1376 634 finibus
1404 595 1565 644 ingr-effi,
1594 609 1635 631 ex
1665 610 1705 631 eo
1732 598 1812 632 loco
1837 598 1897 634 diu
1925 614 2008 635 con-

1247 650 1397 685 termina
1424 648 1503 683 loca
1532 646 1726 691 vastarunt,
1754 648 1788 682 ὅ(
1817 661 1876 696 per
1902 650 2008 699 longa

1247 710 1415 736 terxarum
1452 698 1563 748 spatia
1610 697 1727 733 caedes
1765 712 1803 733 ac
1844 681 2007 737 incendia

1246 760 1499 799 propagarunt.
1536 752 1589 785 En
1629 762 1699 796 quo
1730 748 1767 783 in
1806 751 1886 785 loco
1925 762 2007 787 tunc

1245 800 1326 835 effet
1347 800 1489 836 miserae
1510 801 1635 836 Italiae
1656 798 1816 835 for-tuna
1838 802 2007 837 Ceterum

1245 850 1285 885 ad
1312 852 1458 887 Annum
1490 851 1594 899 usque
1627 852 2007 888 DCCCLXXXVIH.

1246 901 1410 937 Italicum
1435 904 1592 951 Regnum
1620 901 1762 949 posteris
1782 902 1904 937 Caroli
1926 904 2006 938 Ma-

1244 951 1304 999 gni
1330 952 1467 999 paruit,
1490 961 1594 999 atque
1619 953 1655 988 in
1682 953 1727 988 iis
1753 951 1860 987 etiam
1889 953 2006 1001 viguit

1243 1001 1397 1049 dignitas
1419 1002 1637 1050 Augustalis.
1656 1005 1708 1039 At
1729 1005 1839 1039 Anno
1860 1003 1980 1038 eodem
1994 1030 2005 1047 9

1243 1051 1378 1087 sublato
1395 1054 1412 1088 ὲ
1434 1052 1527 1088 vivis
1547 1052 1615 1088 fine
1637 1055 1732 1102 prole
1753 1054 1887 1090 Carnlo
1905 1053 2005 1088 Cras-

1244 1102 1278 1137 so
1307 1104 1541 1151 Imperatore,
1569 1103 1663 1139 inter
1695 1105 1838 1140 Italicos
1869 1103 2007 1140 Princi-

1244 1167 1300 1200 pes
1329 1154 1368 1188 ad
1406 1156 1564 1202 Regnum
1603 1154 1779 1190 inhiantes
1806 1156 1931 1191 oborta
1958 1154 2004 1190 est

1241 1203 1368 1239 funesta
1406 1205 1644 1248 concertatio,
1682 1219 1770 1252 quae
1808 1220 1869 1253 pro
1906 1219 2004 1241 more

1242 1254 1347 1289 armis
1368 1254 1517 1289 diremta
1538 1254 1599 1290 est.
1623 1256 1849 1302 Berengarius
1872 1259 1897 1292 Ι.
1920 1258 2003 1291 Dux

1242 1304 1443 1352 Forojulii,
1482 1307 1514 1339 δ(
1557 1305 1675 1340 Guido
1713 1307 1847 1352 Spoleti
1892 1309 2001 1351 Dux,

1243 1355 1394 1398 aemuli,
1423 1355 1520 1390 varia
1549 1355 1687 1391 fortuna
1724 1358 1812 1392 alter
1839 1357 2001 1393 adversus

1241 1407 1390 1439 alterum
1411 1405 1452 1440 de
1472 1408 1614 1440 Corona
1635 1408 1908 1443 contenderunt.
1934 1408 2006 1444 Hi-

1243 1452 1295 1487 sce
1320 1463 1436 1487 autem
1459 1455 1674 1490 temporibus
1696 1468 1787 1490 nova
1808 1470 1826 1490 e
1847 1459 2003 1505 Septem-

1242 1502 1357 1537 trione
1394 1503 1574 1550 tempestas
1610 1503 1647 1538 in
1677 1505 1817 1540 Italiam
1854 1506 1887 1542 se
1918 1508 2005 1543 effu-

1242 1553 1315 1587 dit:
1355 1552 1392 1587 in
1430 1566 1506 1588 eam
1543 1553 1672 1602 quippe
1709 1557 1881 1603 Hungari,
1918 1571 2003 1614 gens

1241 1602 1313 1648 ipsa
1356 1602 1494 1637 feritate
1538 1603 1688 1639 ferocior
1705 1632 1715 1648 ,
1757 1619 1796 1641 ac
1838 1610 2003 1643 omniurn

1243 1652 1471 1687 Barbarotum
1501 1652 1761 1690 immanitatem
1793 1657 1863 1703 post
1891 1657 1922 1693 se
1951 1672 2005 1693 re-

1241 1703 1426 1750 linquexqs
1458 1702 1691 1751 irruptionem
1729 1705 1904 1742 fecerunt.
1942 1708 2004 1742 Efe

1242 1752 1322 1788 feris
1343 1752 1435 1788 hisce
1455 1754 1598 1802 Populis
1619 1755 1784 1800 Scythia,
1802 1770 1890 1804 quae
1911 1770 2003 1793 nunc

1242 1803 1427 1846 Tartaria‚
1455 1814 1572 1840 ortum
1600 1805 1689 1840 olim
1719 1806 1837 1850 dedit,
1867 1808 1975 1855 Lgqu
1977 1822 2005 1842 ιε

1241 1855 1274 1888 8<
1304 1854 1433 1901 Hungri
1459 1856 1625 1899 appellati
1656 1856 1770 1902 (unde
1800 1859 2005 1893 Pannoniae

1243 1904 1284 1939 ab
1312 1903 1390 1953 ipfis
1419 1903 1576 1940 ίιὼᾱξὶειε
1604 1906 1740 1941 acceffit
1769 1907 1880 1954 postea
1908 1911 2005 1942 Hun-

1240 1955 1351 2001 gariae
1372 1956 1523 2004 nomen)
1546 1954 1654 1991 iidem
1680 1970 1698 1991 a
1718 1958 1899 1993 nonnullis
1919 1957 2003 1993 fuis-

1244 2004 1277 2040 se
1304 2005 1485 2041 censentur
1512 2015 1616 2052 atque
1644 2007 1768 2041 Hunni
1799 2007 1856 2042 sub
1882 2010 2002 2043 Attila

1247 2058 1339 2103 Rege
1360 2054 1498 2089 famosi.
1514 2059 1645 2089 Avares
1665 2069 1826 2104 quoque,
1848 2071 1887 2092 ac
1908 2063 1968 2092 Τιιι
1971 2059 2004 2093 ·ci

1246 2104 1419 2140 nominati
1449 2104 1548 2148 sunt,
1578 2115 1615 2140 ut
1643 2120 1662 2140 a
1695 2107 2005 2156 Porphyrogenne-

1247 2166 1281 2190 ta
1317 2155 1353 2190 in
1394 2155 1473 2191 Lib.
1502 2155 1542 2190 de
1572 2155 2004 2204 Administr.1mper.&

1247 2207 1264 2240 ὲ
1292 2204 1428 2240 Valefio
1454 2205 1608 2253 congesta
1638 2206 1678 2240 ad
1706 2208 1914 2255 Panegyrim
1942 2210 2005 2243 Be-

1247 2255 1397 2304 *wengaxii
1426 2257 1532 2290 Tom.
1562 2258 1606 2291 Π.
1637 2258 1715 2292 Rer.
1745 2258 1897 2292 Italicar.
1928 2271 2004 2306 pag.

1249 2318 1332 2353 393.
1351 2306 1368 2323 *
1397 2305 1478 2341 satis
1502 2306 1698 2342 evincitur.
1727 2309 1779 2342 At
1801 2308 2005 2353 Dandulus‚

1247 2356 1379 2404 aliique
1407 2356 1576 2391 Historici
1605 2357 1924 2401 t1adunt‚.ffva2es
1949 2359 2006 2395 seu

1249 2410 1380 2441 Hunnos
1407 2417 1506 2442 antea
1534 2408 1733 2442 Pannoniae
1760 2408 2006 2452 dominantes,

1247 2457 1288 2492 ab
1316 2457 1493 2506 ingruenti
1523 2460 1723 2504 Hungrormn
1761 2460 1896 2507 Populo
1924 2462 2006 2506 Scy-

1249 2506 1346 2542 thico
1383 2507 1614 2556 profligat03‚
1651 2508 1833 2556 solumque
1871 2519 2003 2544 vex-·texe

1855 2559 1952 2593 fuisse

1066 2619 1134 2648 ,laq
1129 2607 1174 2637 od
1196 2606 1256 2637 heia
1278 2613 1316 2636 (9⁴
1339 2606 1414 2637 alubi
1435 2606 1748 2646 citatl,r‚fd?t1'onem
1771 2606 1868 2637 innuit
1892 2611 1941 2636 M
1944 2606 2004 2635 iim

406 2648 569 2689 lunensem,
593 2659 684 2690 quam
706 2616 882 2680 ὃθειεῑειὲῢῑ.
869 2617 1010 2680 Dilatina
1032 2648 1185 2687 appellata
1206 2646 1322 2681 enavit
1344 2648 1381 2678 ab
1402 2648 1691 2689 A77.1723.usque
1710 2647 1751 2679 ad
1771 2649 1891 2679 Annum
1915 2647 2005 2687 1738.
