2195 3032
208 238 264 289 '93
486 228 998 273 DISSERTATIO
1063 229 1433 272 SECUNDA.
1648 248 1708 285 94

153 305 249 328 cam.
270 290 389 326 Primo
410 290 518 340 igitur
539 290 637 330 loco,
660 297 698 323 ut
719 287 808 322 mihi
832 288 901 335 qui·
942 291 968 323 A
1004 289 1120 329 [landa
1151 290 1253 330 misit.
1283 289 1426 325 Pal-ibus
1455 295 1514 325 aut
1542 288 1620 333 ipfis
1654 291 1768 327 verbis

152 342 229 378 dem
271 341 436 382 videtur,
469 342 504 374 in
546 338 813 374 controverfiarn
852 339 899 373 de>

152 393 233 429 duci
270 392 392 440 nequit
418 389 531 432 illud,
560 389 651 436 quor!
681 391 698 423 ὲ
729 389 906 428 pluribus,

152 444 265 491 iisque
295 439 494 488 aequalibus
521 441 553 474 8<
584 439 763 475 nobilibus
795 440 903 474 Histo-

153 494 236 531 ricis
263 491 425 539 scripturn
458 489 523 525 est.-
555 504 700 537 nempe,
730 490 902 526 fortitudi-

153 545 192 581 ni
218 556 256 578 ac
284 540 467 576 industriae
496 544 708 577 Francorum
742 542 906 585 contigis-

153 595 207 638 se,
240 600 278 626 ut
314 590 385 638 post
412 593 558 627 Annum
596 592 724 628 Christi
766 595 908 629 DCCC.

152 645 188 681 in
215 641 382 677 Histriam
411 642 444 676 8<
476 643 715 685 Dalmatiam,
743 644 776 678 &
810 644 845 678 in
876 658 905 678 a·

150 693 266 740 liquot
311 690 433 727 saltem
476 692 635 738 Insulas,
677 694 906 730 Venetiarum

150 742 240 778 Urbi
273 741 465 787 finitimas,
494 743 773 780 dominationem
813 744 906 780 suam

149 792 247 829 felici
284 805 458 828 armorum
497 793 555 829 usu
590 795 838 831 extenderint.
869 799 906 831 ln

149 843 307 890 antiquis
343 846 555 879 Francorum
585 846 784 881 Annalibus
819 847 907 892 apud

148 893 416 930 DuChesnium
442 896 549 931 Tom.
576 907 607 931 z.
636 910 710 943 pag.
737 909 797 943 43.
825 896 909 933 haec

147 945 313 993 leguntur
339 944 380 980 ad
410 947 554 981 Annum
584 947 781 982 DCCCVl.
813 953 899 982 Vene-

148 1005 223 1030 runt
251 997 363 1030 Villert'
396 997 434 1030 (9⁸
461 999 581 1031 Beatus
609 1000 710 1032 Duces
740 1001 906 1043 Venettae‚

149 1060 202 1080 nec
228 1059 287 1080 non
315 1046 358 1080 &¹
384 1049 505 1082 Paulus
530 1050 606 1082 Dux
623 1052 654 1092 J
657 1052 788 1088 aderae,
816 1063 908 1096 atque

146 1099 296 1132 Donatus
338 1096 473 1142 eiusdem
514 1099 673 1133 Civitatis
711 1100 906 1145 EpIscopns,

146 1147 265 1192 Legati
310 1149 572 1192 Dalmatiarum,
614 1157 657 1184 at
700 1151 909 1196 praesentiam

146 1199 348 1242 Imperatoris
373 1212 439 1232 cum
463 1200 589 1243 magnis
614 1201 723 1235 donis.
754 1204 800 1235 Et
821 1202 927 1245 ἷαὲἶαγ

146 1248 188 1289 est
216 1247 262 1281 ibi
291 1249 447 1282 ordt'natio
483 1251 524 1284 ab
555 1253 737 1297 Imperatore
772 1261 810 1286 de
839 1256 904 1287 Du-

146 1297 232 1334 cibus
251 1298 294 1332 &
308 1299 439 1346 Populis
459 1311 523 1334 tam
546 1303 692 1336 Venetiae
712 1305 805 1349 quam
825 1307 908 1338 Dal-

145 1349 282 1383 matiae.
309 1350 441 1384 Eodem
471 1360 587 1385 autem
619 1354 722 1387 Anno
747 1355 861 1398 Claffis
887 1357 908 1388 ἃ

146 1398 289 1440 Niciforo
311 1401 517 1445 Imperatore,
543 1402 592 1434 cui
618 1403 730 1436 Niceta
750 1404 912 1437 Patricius

144 1457 312 1494 praeerat,
349 1452 392 1483 ad
432 1452 669 1495 recuperandam
712 1453 910 1487 Dalmatiam

147 1497 308 1532 mittitur.
336 1500 429 1546 Ergo
454 1500 530 1535 loca
559 1499 712 1548 superius
740 1515 907 1538 memora-

146 1556 184 1582 ta
212 1547 249 1582 in
289 1549 489 1597 potestatem
518 1552 640 1587 Ca*oli
677 1551 908 1589 devenerant.

145 1599 257 1633 Anno
296 1600 456 1641 proxime
493 1599 648 1647 sequenti
689 1603 906 1638 DCCCVII.

143 1647 282 1691 ,Nic-eta,
312 1649 368 1694 qui
402 1653 468 1683 cum
504 1649 592 1693 ctaffe
621 1652 925 1703 Constantinopoli-¹¹

141 1707 221 1732 tana
241 1698 369 1741 sedebat
396 1699 429 1733 in
457 1701 607 1744 Venetia,
631 1713 707 1748 pace
726 1701 816 1745 faHa
839 1717 906 1738 cum

142 1748 284 1794 Pippt'no
305 1753 412 1794 Rege,
431 1750 473 1783 <9¹
494 1751 630 1785 induciis
649 1752 741 1799 usque
760 1756 802 1787 ad
821 1767 903 1788 men-

137 1798 204 1844 Jem
223 1801 404 1843 Augustam
429 1802 623 1845 constitutis,
645 1803 901 1849 Constantinopo-

143 1849 201 1882 ltm
222 1848 369 1894 regressus
387 1850 446 1892 est.
468 1852 562 1887 Tum
581 1854 687 1888 Anno
709 1856 902 1890 DCCCIX.

144 1900 260 1944 Claffis
294 1902 332 1934 de
362 1902 632 1948 Constantinopoli
668 1903 777 1948 missa,
804 1906 905 1952 primo

140 1950 365 1993 Dalmatiam,
403 1952 515 1986 deinde
553 1954 713 1988 Venetiam
749 1956 905 2001 appulit:

141 2013 320 2047 quumque
346 2000 462 2037 frustra
492 2013 635 2039 conatus
661 2004 776 2040 fuiffet
803 2008 904 2042 Paul-

139 2051 194 2085 lus
225 2053 376 2087 Graecae
407 2052 517 2088 claffis
557 2052 753 2091 Praefeelus
790 2060 900 2092 Coma-

140 2103 222 2136 clum
251 2103 392 2138 Francis
421 2104 578 2148 eripere,
607 2105 649 2141 de
677 2107 764 2142 Pace
792 2107 922 2155 postea·

141 2164 221 2186 cum
263 2154 412 2199 pippino
441 2154 537 2202 egit,
566 2154 620 2191 sed
658 2156 761 2192 irrito
799 2171 901 2203 nego-

139 2202 216 2244 tio,
243 2203 372 2245 quinae
401 2205 491 2240 clam
517 2206 589 2254 ejus
614 2207 754 2243 confilia
785 2209 802 2243 a
831 2211 902 2245 Du-

142 2251 238 2288 cibus
268 2255 496 2291 Venetiarum
535 2258 800 2294 evertebantur.
835 2262 899 2295 [ta-

141 2315 205 2349 que
237 2307 342 2341 Anno
370 2305 532 2352 sequente
573 2310 751 2344 DCCCX.
783 2310 920 2357 Ρίρρί-7

139 2365 202 2408 nus
241 2357 314 2391 Rex
349 2357 485 2403 perfidia
525 2361 647 2393 Ducum
692 2361 903 2394 Veneticorum

139 2404 311 2458 mcitatus,
344 2409 506 2443 Venetiam
532 2408 612 2443 bello
638 2420 779 2457 terraque
805 2411 919 2448 mari·¹

139 2466 197 2500 que
227 2456 310 2498 wffit
335 2468 473 2504 appetere
484 2473 503 2501 ,⁶
520 2459 724 2506 subieffdque
746 2462 899 2506 Venetia,

137 2516 174 2538 ac
207 2505 344 2539 omibus
370 2507 436 2546 eius
463 2510 496 2544 in
523 2511 712 2546 deditionem
745 2510 919 2560 acceptis,{

140 2556 280 2590 eamdem
306 2555 424 2606 claffem
448 2561 490 2594 ad
513 2562 698 2598 Dalmatiae
722 2562 818 2598 litora
840 2576 901 2598 va-

1007 340 1044 374 in
1078 341 1275 376 Annalibus
1303 339 1518 387 Eginhardi‚
1544 339 1612 375 five
1640 343 1772 376 Laure-

1008 389 1236 433 samenfibus,
1267 391 1303 426 in
1343 390 1583 435 Bsrrinianis,
1623 391 1770 439 aliisque

1013 441 1246 477 vetustnffimis
1289 444 1499 476 Francorum
1545 442 1769 486 Annalibus,

1006 491 1123 526 eadem
1147 492 1298 527 occurrit
1327 493 1498 527 narratio.
1525 493 1606 528 Non
1635 505 1690 527 me
1716 492 1770 528 fu-

1006 543 1081 590 git,
1111 542 1263 577 infiiari
1294 542 1494 578 Dandulum
1523 542 1560 578 in
1585 542 1769 578 Chronico

1008 592 1066 627 suo
1104 593 1192 628 hanc
1231 592 1374 640 Plppini
1416 592 1624 637 vicstoriam,
1658 594 1692 628 ὃς
1730 593 1769 628 in

1006 644 1078 688 ejus
1122 643 1330 678 sententiam
1375 642 1569 678 conceffiffe
1612 643 1767 691 reliquos

1006 696 1223 728 Venetorum
1252 693 1461 741 Scriptores.
1502 696 1632 728 Verum
1663 707 1768 729 nemo

944 729 1206 791 Blintelligat,
1235 743 1315 790 quei
1345 743 1584 791 componenda
1618 742 1656 777 s1r
1686 758 1767 780 cum

1005 794 1071 830 fide
1099 805 1152 829 tot
1180 805 1334 829 veterum
1363 795 1396 829 &
1423 793 1622 841 aequalium
1650 793 1768 829 Histo-

1005 846 1180 888 ricorum,
1209 844 1398 880 auetoritas
1430 856 1576 887 eorum,
1603 843 1664 890 qui
1695 845 1767 891 post

1008 907 1061 931 tot
1083 897 1220 931 Saecula
1245 896 1448 930 narrandam
1471 908 1542 930 rem
1565 893 1767 943 ipfiffirnam

1007 946 1242 993 susceperunt.
1272 946 1365 981 Fieri
1391 946 1533 994 quidem
1561 944 1700 993 potuit,
1727 954 1768 981 ut:

1007 997 1168 1032 victricia
1200 997 1341 1044 Pippini
1369 1010 1463 1032 arma
1491 996 1527 1032 in
1556 995 1694 1044 aliquot
1722 1009 1767 1032 ex

1006 1048 1050 1083 iis
1069 1047 1192 1083 Infulis
1210 1051 1344 1083 aditum
1362 1047 1422 1083 fibi
1439 1046 1659 1095 aperuerint,
1678 1060 1766 1094 quae

1007 1099 1225 1142 provinciam
1248 1098 1463 1133 maritimam
1486 1098 1766 1142 constituebant,

1006 1160 1088 1185 tunc
1101 1150 1261 1184 Venetiam
1274 1177 1283 1194 ‚
1300 1149 1356 1184 seu
1370 1150 1516 1184 Venetias
1530 1148 1741 1193 appellatam
1754 1175 1764 1191 ‚

1005 1214 1075 1235 non
1113 1213 1196 1235 vero
1224 1200 1261 1235 in
1288 1199 1487 1236 Civitatem
1525 1200 1649 1242 illam,
1677 1211 1765 1247 quae

1005 1250 1229 1286 celeberrima
1247 1252 1265 1286 a
1283 1251 1404 1286 multis
1425 1250 1577 1286 Saeculis
1596 1250 1764 1294 Venetiae,

1005 1302 1060 1338 seu
1090 1303 1290 1336 Venetiarum
1326 1314 1392 1338 una
1424 1315 1552 1336 nomen
1589 1299 1764 1344 retinuit,

1004 1366 1160 1400 quaeque
1189 1352 1233 1387 iis
1261 1352 1478 1398 temporibus
1510 1349 1657 1386 fortaffis
1687 1350 1765 1385 uni-

1005 1416 1043 1436 ca
1073 1402 1233 1437 Rivoalti
1263 1402 1376 1437 Insula
1405 1401 1497 1437 fuit.
1534 1404 1587 1436 At
1615 1401 1764 1436 minime

1005 1452 1070 1487 hoc
1107 1451 1244 1495 obstat,
1270 1452 1356 1499 quin
1392 1451 1516 1487 Franci
1553 1451 1590 1487 in
1628 1451 1766 1486 mariti-

1006 1516 1077 1537 mas
1098 1501 1176 1537 illas
1200 1502 1330 1537 Insulas
1352 1502 1503 1537 victores
1528 1501 1764 1549 penetrarint.

1004 1555 1139 1587 Contra
1174 1565 1259 1587 vero
1297 1562 1430 1587 certum
1467 1551 1537 1594 est,
1575 1564 1644 1586 non
1682 1551 1763 1586 ideo

1006 1602 1233 1637 Venetiarum
1256 1602 1387 1636 Urbem
1411 1601 1537 1636 Italico
1560 1603 1681 1650 Regno
1705 1601 1764 1636 ad-

1002 1652 1138 1698 ditam;
1157 1664 1235 1686 nam
1254 1662 1292 1687 ut
1307 1665 1348 1687 ex
1364 1650 1441 1700 ipfis
1461 1654 1673 1687 Francorum
1689 1654 1763 1686 An-

1003 1702 1138 1737 nalibus
1161 1702 1293 1750 liquet,
1313 1703 1434 1738 eodem
1453 1704 1560 1738 Anno
1583 1704 1762 1738 DCCCX.

1002 1755 1149 1789 Carolus
1188 1755 1339 1801 Magnus
1375 1753 1465 1788 inita
1502 1760 1595 1789 cum*
1618 1753 1762 1789 Graecis

1002 1817 1106 1852 pace,
1135 1804 1272 1847 Nicssoro
1310 1804 1470 1839 Venetiam
1505 1805 1665 1839 rea'aiait.
1703 1804 1763 1839 Ad

1003 1855 1085 1890 haec
1108 1854 1327 1903 Eginhardus
1347 1854 1504 1902 Scriptor
1529 1855 1683 1902 aequalis
1704 1868 1763 1889 eo-

1002 1918 1077 1940 rum
1116 1915 1336 1954 temporum,
1364 1904 1495 1953 ipsique
1525 1904 1680 1953 Augusto
1712 1902 1762 1940 fa-

1003 1956 1175 2000 miliaris,
1212 1956 1249 1991 in
1286 1955 1435 2005 ejusdem
1474 1957 1597 1991 Caroli
1634 1955 1762 2004 Magni.

1003 2009 1089 2042 Vita
1126 2006 1244 2050 addit,
1273 2006 1310 2041 in
1344 2006 1442 2041 illius
1480 2006 1643 2054 potestate
1680 2008 1763 2042 reli-

1002 2058 1093 2093 &am
1124 2055 1222 2092 fuiffe
1252 2057 1406 2099 Histriam
1435 2071 1550 2104 quoque
1578 2059 1620 2091 (²9⁴
1647 2058 1763 2092 Libur-

1003 2109 1110 2151 niam,
1138 2119 1230 2155 atque
1257 2109 1478 2150 Dalmatiam,
1507 2110 1638 2154 exceptis
1665 2109 1763 2142 mari.

1001 2160 1089 2193 timis
1113 2159 1335 2202 Civitatibus,
1361 2172 1438 2204 quas
1460 2161 1496 2193 ob
1519 2159 1691 2193 amititiam
1718 2159 1761 2193 &¹

1001 2209 1143 2251 junflum
1170 2223 1235 2243 cum
1263 2223 1294 2243 eo
1320 2209 1446 2251 foedus,
1475 2210 1762 2256 Constantinopoli.

1001 2271 1109 2294 tanum
1137 2262 1353 2307 Imperatorem
1379 2261 1488 2294 habere
1511 2259 1671 2307 permisit.
1702 2261 1761 2296 Ab

1001 2309 1093 2345 hisce
1121 2319 1238 2346 tamen
1266 2311 1419 2346 Urbibus
1448 2311 1637 2346 maritimis
1665 2311 1762 2347 exci-

1002 2360 1125 2399 oienda
1145 2362 1284 2397 videtur
1301 2363 1446 2403 Gradus,
1465 2374 1569 2404 quam
1590 2361 1762 2409 Eginhar-

1000 2411 1044 2445 do
1065 2411 1186 2447 eodem
1213 2410 1292 2447 teste
1320 2412 1411 2447 inter
1436 2412 1687 2459 Metropoliticas
1707 2412 1760 2449 sui

1004 2462 1112 2510 Regni
1143 2476 1180 2497 ac
1213 2462 1352 2508 Imperii
1382 2462 1581 2505 Civitates,
1609 2464 1759 2499 Carolus

999 2511 1069 2558 ipse
1098 2513 1132 2547 in
1174 2511 1349 2559 postremis
1377 2512 1445 2548 suis
1481 2514 1611 2549 tabulis
1642 2527 1760 2549 recen-

999 2561 1067 2599 set.
1086 2565 1198 2600 Polam
1223 2577 1362 2613 quoque
1386 2564 1539 2601 Histriae
1558 2564 1758 2601 Civitatem

1597 2617 1707 2651 Caro-
