2195 3032
239 236 324 274 7²1
554 211 1059 258 DISSERTATIO
1118 214 1424 257 OCTAVA.
1646 233 1727 273 72²

182 278 311 321 nistram
329 276 437 319 stent,
474 275 518 310 Θ·
542 288 607 308 cum
635 272 708 319 ipsis
736 274 768 308 in
793 284 939 321 perpetuo
968 273 1003 307 A
1033 273 1195 310 Comitaru
1230 274 1410 313 Parmensi.
1448 273 1485 309 Id
1523 273 1630 310 etiam
1659 277 1789 312 constat

182 329 257 375 igne
277 329 346 370 fine
371 327 445 372 fine
476 334 676 371 permaneat.
713 325 816 368 Fiat,
845 324 937 368 fiat.

180 382 275 414 Hanc
301 380 382 414 enim
420 375 586 411 cartulam
618 374 759 419 judicati
780 379 828 409 (9⁶
853 376 933 409 ordi-

178 431 320 467 nacionis
355 441 401 462 me
437 425 588 473 paginam
632 429 795 460 Romanus
825 427 937 469 Judex

178 470 224 516 ad
252 480 447 525 scribendum
482 476 557 509 dedi
592 477 694 522 adque
730 477 863 522 rogavi,
903 478 935 511 in

178 542 241 577 qua
263 531 373 574 subtus
398 526 582 572 confirmans
598 554 607 569 ‚
635 526 820 572 testibusque
846 529 931 561 obtu-

178 581 205 614 li
231 583 430 615 roborandam
447 605 454 613 .
485 579 572 611 Unde
597 578 657 611 due
683 578 812 611 Cartule
829 582 860 622 J
863 579 929 612 udi·

178 632 241 665 cati
279 631 321 664 (9¹
355 627 562 664 ordinacionis
596 640 657 662 uno
692 628 791 662 tinore
819 629 937 676 scripte¹

173 681 249 725 fimt
261 707 270 715 .

225 730 349 766 Affum
374 730 482 769 Caslro
509 728 680 772 Luc-faria,
704 729 865 771 feliciter.

225 782 362 828 Signum
387 780 532 815 manibus
560 779 735 823 Ingezont',
773 781 815 812 (9⁶
852 780 931 814 Lt‘u.

175 831 268 875 boni,
291 832 347 875 seu
373 831 506 874 A'zoni,
537 830 620 874 Vaffi
641 829 847 876 *lupraftripti
872 834 930 864 Co.

175 882 248 915 miti
263 909 272 921 ,
309 886 422 928 Legem
446 881 593 915 viventes
628 881 904 927 Langobardorum
920 909 931 925 ,

172 932 278 978 rogati
304 933 410 971 telles.

224 985 360 1029 Signum
387 982 532 1017 manibus
556 981 716 1017 Adammi
742 981 786 1015 (9⁰
809 982 932 1027 aqnsel.

175 1032 245 1075 mi,
273 1032 360 1074 testes
387 1033 529 1078 rogatis.

221 1082 339 1128 Scripsi
375 1096 428 1128 ego
463 1083 522 1128 qui
545 1082 645 1128 supra
671 1086 835 1116 Romanus
860 1085 925 1125 Ju-

169 1133 230 1166 dex
255 1133 346 1169 sacri
380 1132 533 1175 palacii,
563 1131 740 1178 postradita
774 1132 927 1178 complevi

170 1183 214 1216 (9‘
239 1183 333 1217 dedi.

221 1232 314 1267 Vide
339 1231 446 1267 etiam
476 1232 653 1267 Differtat.
682 1234 780 1268 LVI.
804 1235 841 1269 de
861 1239 925 1270 Re·-

167 1283 266 1329 ligt'on
292 1282 464 1323 Christian.
487 1283 545 1317 ubi
573 1282 657 1317 alias
678 1282 826 1320 chartas
847 1298 923 1333 pro-

166 1333 236 1367 tuli
274 1332 464 1380 specstantes
492 1332 533 1367 ad
561 1332 696 1368 eosdem
725 1332 826 1370 hosce
853 1337 924 1372 Co·

165 1383 290 1418 mites.
324 1385 427 1418 Nunc
455 1392 593 1425 autern,
623 1392 662 1418 ut
690 1383 865 1430 vidimus,
894 1386 921 1421 i·

164 1433 267 1475 dem,
304 1433 365 1478 qui
403 1432 500 1478 supra
528 1437 634 1467 Comes
662 1436 838 1474 Parmensis
865 1450 920 1484 ap-

164 1483 381 1528 pellabatur,
413 1482 490 1517 heic
517 1482 723 1519 inscribitur
748 1486 921 1520 Arduinus

164 1536 272 1568 Comes
297 1535 336 1568 de
361 1533 522 1567 Comitatu
549 1534 716 1574 Parmense
729 1549 749 1577 ‚·
776 1549 814 1570 ac
842 1550 918 1584 pro.

164 1592 280 1632 pterea
321 1596 426 1619 unum
465 1584 499 1619 8(
536 1582 627 1619 idem
665 1583 922 1632 fignificabatur

162 1647 224 1682 per
250 1636 333 1670 duas
361 1633 459 1669 hasce
487 1633 677 1676 formulas,
710 1637 855 1672 Interim
885 1652 915 1673 a·

162 1684 421 1727 nimadvertas‚
460 1684 597 1728 velim,
636 1687 784 1720 Ubartum
817 1687 918 1735 hujus

163 1735 319 1770 Arduini
361 1734 507 1774 filium,
549 1748 748 1783 quanquam
788 1739 920 1772 Comitis

163 1784 310 1819 titulum
351 1784 388 1820 in
427 1784 525 1829 supra
566 1796 761 1821 memorato
798 1801 918 1823 monu-

162 1843 284 1870 mento
310 1848 380 1870 non
409 1844 526 1879 gerat,
558 1836 709 1870 Comitem
735 1837 916 1874 nihilomi-

161 1897 225 1920 nus
245 1899 362 1921 revera
383 1885 503 1926 fuisse,
524 1886 575 1921 uti'
598 1886 729 1922 constat
749 1901 790 1922 ex
810 1888 916 1924 Char-

160 1943 196 1970 ta
227 1936 322 1970 Anni
362 1937 517 1971 MXCV.
555 1936 648 1971 edita
685 1937 721 1972 in
759 1939 916 1974 Bullario

162 1985 333 2021 Cafinensl
361 1988 468 2022 Tom.
498 1998 528 2020 z.
558 1987 811 2024 Constitution.
836 2001 916 2036 119.

159 2035 198 2071 in
226 2050 290 2083 qua
321 2038 471 2085 legitur:
504 2039 634 2072 Ubertus
660 2042 792 2079 Comes,
826 2040 917 2081 filius

1033 337 1075 359 ex
1104 326 1213 360 altera
1240 325 1340 361 Anni
1369 327 1490 361 MXC.
1517 325 1606 373 apud
1644 327 1789 361 Bacchi-

1033 374 1130 410 nium
1148 402 1158 419 ‚
1185 377 1219 410 &
1247 390 1290 412 ex
1319 376 1402 412 aliis
1428 377 1663 424 pergamenis:
1695 378 1788 424 quod

1032 425 1195 461 omiss‘um
1232 426 1363 471 nolui,
1402 437 1440 463 ut
1477 426 1580 462 novis
1609 430 1787 476 exemplis

1032 476 1245 512 luculentius
1287 488 1470 525 appareat,
1512 477 1639 514 titulos
1680 478 1788 515 inter·

1030 526 1112 562 dum
1141 529 1158 562 ὲ
1183 528 1342 564 Notariis
1370 540 1428 564 aut
1457 528 1644 565 Historicis
1672 531 1788 578 negle-

1029 577 1103 613 stos
1124 578 1373 615 difficultatem
1391 578 1547 627 ingerere
1567 593 1785 627 nequaquam

1029 628 1152 665 debere
1166 629 1209 664 ad
1228 629 1515 666 internoscendos
1534 630 1693 666 homines
1713 631 1784 680 jam

1028 680 1175 716 aliunde⁴
1197 689 1323 716 notos.
1360 682 1494 716 Rursus>
1517 681 1755 717 animadverte
1773 708 1783 724 ,

1027 729 1151 765 iisdem·
1185 729 1255 766 fere
1292 731 1511 779 temporibus
1536 734 1592 766 ab>
1625 732 1783 767 Henrico

1028 782 1071 816 11.
1099 783 1323 821 Imperatore*
1341 781 1575 817 Parmenfibus
1600 781 1782 829 Episcopis

1025 832 1217 866 concessum
1246 831 1344 867 fuisse
1371 832 1568 877 Parmensem
1591 833 1783 867 Comitat'um

1025 892 1090 915 tam
1119 882 1204 925 infra
1233 884 1342 917 Urbem
1378 884 1473 929 quam
1498 894 1605 925 extra,
1642 883 1697 919 uti
1727 883 1780 918 vi-

1023 931 1100 967 dere
1127 931 1173 967 est
1200 932 1288 979 apud
1318 932 1533 968 Bordonium
1554 932 1592 968 in
1613 932 1780 969 Thesaur.

1023 982 1153 1017 Eccles.
1192 982 1364 1017 Parmenss
1400 982 1498 1027 Quid
1535 983 1601 1017 hoc
1629 983 1677 1017 rei
1706 984 1778 1026 est,

1023 1031 1116 1078 quod
1156 1031 1267 1075 adhuc
1303 1033 1454 1066 Comitem
1493 1033 1689 1077 Parmensem
1725 1035 1779 1068 ea.

1021 1081 1098 1116 dem
1127 1082 1327 1129 tempestate
1364 1082 1517 1118 Laicum
1544 1083 1660 1118 virum
1689 1083 1777 1132 aspi.

1020 1131 1153 1167 cimus?
1182 1132 1248 1167 Sed-
1273 1132 1410 1168 fortasse
1437 1133 1497 1168 diu
1527 1147 1595 1168 non
1625 1134 1776 1179 perstite-

1020 1195 1053 1216 re
1078 1183 1115 1216 in
1136 1195 1174 1217 ea
1195 1182 1380 1229 Dignitate
1410 1183 1583 1219 Praesules
1612 1186 1774 1219 Parmen-

1020 1230 1096 1280 ses;
1140 1241 1199 1268 aut
1236 1232 1296 1268 uni
1333 1234 1480 1269 Titulus
1517 1236 1653 1269 tanturn
1692 1235 1773 1271 reli.

1017 1282 1114 1324 Rus,
1142 1283 1244 1318 alteri
1272 1285 1356 1319 vero
1382 1297 1434 1319 res
1464 1297 1530 1319 una
1558 1298 1635 1320 cum
1665 1285 1772 1321 Titu-

1017 1333 1073 1367 lo.
1099 1332 1265 1368 Chartam
1288 1347 1426 1381 quoque
1446 1335 1608 1383 evulgavi
1637 1335 1674 1371 in
1696 1339 1771 1371 An-

1017 1383 1215 1430 tiquitatib.
1243 1384 1403 1419 Estenfib.
1434 1387 1509 1421 Par.
1540 1388 1565 1420 Ι.
1594 1388 1680 1432 Cap.
1710 1399 1767 1433 24.

1016 1447 1090 1481 pag.
1121 1446 1202 1481 230.
1230 1433 1393 1482 scriptam
1421 1436 1529 1470 Anno
1557 1438 1681 1473 MLV.
1708 1439 1768 1474 ubi

1017 1494 1230 1519 memoratur
1255 1485 1381 1528 Jolic7a
1416 1485 1578 1531 Comitiffa
1608 1487 1689 1532 filia
1727 1492 1768 1524 U.

1015 1535 1093 1568 berti
1119 1535 1251 1569 Comitis
1268 1537 1306 1569 cle
1333 1537 1493 1571 Comitatu
1520 1541 1677 1573 Parmae,
1702 1540 1767 1575 Sed

1012 1586 1044 1619 δε
1083 1598 1173 1621 nunc
1210 1586 1354 1621 alteram
1392 1587 1528 1635 profero
1564 1602 1608 1624 ex
1644 1589 1767 1626 eodem

952 1632 984 1665 D
1001 1636 1174 1674 ,Archivo
1190 1636 1499 1673 Beneditstinorum
1522 1640 1741 1687 Regienfium
1755 1669 1765 1685 ,

1014 1686 1049 1720 in
1089 1700 1156 1733 qua
1192 1687 1352 1722 laudatur
1377 1690 1530 1722 Adetaxe
1554 1690 1634 1734 filia
1664 1693 1765 1737 Ugoni

1013 1740 1140 1780 Comes,
1167 1737 1225 1783 qui'
1244 1736 1374 1784 profeffiz
1395 1739 1467 1783 sum
1494 1742 1577 1785 Lege
1602 1742 1766 1776 Alaman-

1013 1801 1054 1820 na
1079 1790 1220 1830 vivere‚·
1245 1787 1312 1823 hoc
1339 1787 1407 1831 est,
1433 1797 1473 1823 ut
1500 1789 1651 1835 opinor,
1689 1792 1764 1828 filia

1014 1837 1176 1885 Hugonis
1203 1837 1359 1874 Comitis
1396 1839 1624 1884 Sablonetae,
1659 1855 1764 1888 quem

1000 1899 1119 1935 'nuper
1146 1888 1321 1923 vidimus.
1358 1889 1500 1925 Dicitur
1535 1891 1642 1926 etiam
1670 1893 1764 1926 Reli.

1011 1938 1060 1972 &a
1086 1940 1241 1983 quondam
1269 1939 1414 1974 Widonis
1435 1941 1474 1974 de
1500 1943 1656 1976 Comitato
1681 1946 1763 1978 Par-

1010 1989 1138 2029 mensis.
1166 1989 1326 2024 Comites
1352 1991 1390 2024 de
1416 1991 1576 2025 Comitum
1602 1993 1764 2031 Parmensi

1011 2039 1071 2074 vix
1098 2040 1213 2075 credas
1240 2053 1360 2075 omnes
1389 2041 1477 2076 Urbi
1506 2042 1562 2077 illi
1600 2041 1763 2091 praefuis-

161 2088 315 2133 quondam
350 2087 500 2123 ,Αιάιιίηἱ
541 2088 672 2136 itemque
711 2089 845 2124 Comitis
878 2093 917 2125 de
948 2093 975 2126 E
1012 2090 1062 2125 se.
1090 2090 1154 2126 Sed
1181 2104 1260 2126 ecce
1286 2090 1455 2127 Chartam
1482 2091 1612 2141 ipsam.

201 2210 402 2253 Adelaidis
435 2211 540 2255 filiae
573 2213 759 2268 Hugonis
790 2215 962 2258 Comitis
993 2215 1155 2258 donatio
1185 2215 1283 2258 faela
1317 2216 1557 2259 Monasterio
1588 2218 1720 2262 Sanffl

275 2270 470 2328 Prosperi,
501 2286 604 2314 nunc
635 2273 771 2315 Sanffi
802 2275 929 2330 Petri,
960 2276 1159 2332 Regiensis
1194 2275 1337 2330 Urbis,
1367 2278 1487 2319 Anno
1522 2292 1645 2330 1092.

208 2387 242 2419 N
267 2385 388 2420 nomine
422 2389 487 2422 Det'
511 2389 627 2425 eterm‘.
662 2389 762 2425 Anni
794 2393 835 2425 ab
862 2393 913 2426 In-

228 2437 406 2471 carnatr'one
431 2440 560 2473 Domini
585 2441 677 2481 nostri
692 2440 773 2484 Jesu
798 2442 916 2483 Christi

152 2486 327 2522 Miltest'mo
356 2490 560 2531 Nonaqest'mo
587 2493 747 2532 secundo,
778 2495 835 2526 XI.
863 2494 915 2526 die

150 2536 301 2583 Aprilis,
336 2538 509 2574 {ndiHione
528 2542 599 2576 XV.
623 2542 811 2585 Moneflerio
831 2546 912 2578 San—

250 2592 338 2624 Tom.
365 2591 386 2624 I

1003 2391 1047 2426 ἑῖἱ
1070 2392 1216 2439 Prospert‘
1251 2391 1433 2439 Confefflart's
1461 2393 1524 2435 fito
1554 2394 1635 2437 soris
1665 2405 1759 2441 prope

1004 2443 1129 2486 Regii,
1170 2443 1225 2477 ubi
1265 2457 1345 2478 nunc
1386 2446 1545 2480 Domnus
1589 2444 1757 2481 pacificus

1004 2494 1123 2528 Abbas
1150 2492 1259 2537 preesse
1283 2494 1431 2530 videtur.
1460 2499 1527 2530 Nos
1555 2495 1586 2528 r'n
1617 2496 1676 2531 Dei
1704 2509 1758 2529 no-

1001 2545 1082 2578 mine
1110 2544 1267 2581 Adelaxe
1293 2543 1369 2581 filia
1397 2546 1517 2595 Ugoni
1544 2549 1693 2585 Comes,
1720 2547 1756 2581 δε

1023 2596 1052 2629 Ζ
1078 2608 1100 2630 z
1583 2595 1705 2632 relifi'm
