<?xml version="1.0" encoding="UTF-8"?>
<!DOCTYPE html PUBLIC "-//W3C//DTD XHTML 1.0 Transitional//EN"
    "http://www.w3.org/TR/xhtml1/DTD/xhtml1-transitional.dtd">
<html xmlns="http://www.w3.org/1999/xhtml" xml:lang="en" lang="en">
 <head>
  <title>
</title>
<meta http-equiv="Content-Type" content="text/html;charset=utf-8" />
  <meta name='ocr-system' content='tesseract 3.04.00' />
  <meta name='ocr-capabilities' content='ocr_page ocr_carea ocr_par ocr_line ocrx_word'/>
</head>
<body>
  <div class='ocr_page' id='page_1' title='image "antiquitatesital01mura_0040.png"; bbox 0 0 2195 3032; ppageno 0'>
   <div class='ocr_carea' id='block_1_1' title="bbox 449 264 498 303">
    <p class='ocr_par' dir='ltr' id='par_1_1' title="bbox 449 264 498 303">
     <span class='ocr_line' id='line_1_1' title="bbox 449 264 498 303; baseline 0 -14"><span class='ocrx_word' id='word_1_1' title='bbox 449 264 498 303; x_wconf 72' lang='lat'>31-</span> 
     </span>
    </p>
   </div>
   <div class='ocr_carea' id='block_1_2' title="bbox 748 243 1631 303">
    <p class='ocr_par' dir='ltr' id='par_1_2' title="bbox 748 243 1631 303">
     <span class='ocr_line' id='line_1_2' title="bbox 748 243 1631 303; baseline -0.004 -13.789"><span class='ocrx_word' id='word_1_2' title='bbox 748 244 1139 303; x_wconf 27' lang='lat' dir='ltr'>AMNTJ-QUJT</span> <span class='ocrx_word' id='word_1_3' title='bbox 1187 243 1413 287; x_wconf 86' lang='lat' dir='ltr'><em>MEDII</em></span> <span class='ocrx_word' id='word_1_4' title='bbox 1459 243 1631 287; x_wconf 85' lang='lat' dir='ltr'><em>AEVI</em></span> 
     </span>
    </p>
   </div>
   <div class='ocr_carea' id='block_1_3' title="bbox 1876 265 1927 304">
    <p class='ocr_par' dir='ltr' id='par_1_3' title="bbox 1876 265 1927 304">
     <span class='ocr_line' id='line_1_3' title="bbox 1876 265 1927 304; baseline 0 -12"><span class='ocrx_word' id='word_1_5' title='bbox 1876 265 1927 304; x_wconf 76' lang='lat'>32</span> 
     </span>
    </p>
   </div>
   <div class='ocr_carea' id='block_1_4' title="bbox 388 302 1983 360">
    <p class='ocr_par' dir='ltr' id='par_1_4' title="bbox 388 302 1983 360">
     <span class='ocr_line' id='line_1_4' title="bbox 388 302 1983 360; baseline -0.001 -20"><span class='ocrx_word' id='word_1_6' title='bbox 388 319 516 341; x_wconf 66' lang='lat' dir='ltr'>marinos</span> <span class='ocrx_word' id='word_1_7' title='bbox 547 305 726 353; x_wconf 64' lang='lat' dir='ltr'>Aquilomm</span> <span class='ocrx_word' id='word_1_8' title='bbox 728 318 764 339; x_wconf 83' lang='lat' dir='ltr'>es</span> <span class='ocrx_word' id='word_1_9' title='bbox 795 306 932 340; x_wconf 78' lang='lat' dir='ltr'>homines</span> <span class='ocrx_word' id='word_1_10' title='bbox 959 306 1057 338; x_wconf 84' lang='lat' dir='ltr'><em>dicere</em></span> <span class='ocrx_word' id='word_1_11' title='bbox 1079 304 1157 351; x_wconf 81' lang='lat' dir='ltr'>pos-</span> <span class='ocrx_word' id='word_1_12' title='bbox 1166 306 1213 340; x_wconf 88' lang='lat' dir='ltr'>A</span> <span class='ocrx_word' id='word_1_13' title='bbox 1224 305 1368 339; x_wconf 86' lang='lat' dir='ltr'>darunt.</span> <span class='ocrx_word' id='word_1_14' title='bbox 1399 306 1542 350; x_wconf 78' lang='lat' dir='ltr'>Quanta</span> <span class='ocrx_word' id='word_1_15' title='bbox 1579 316 1660 352; x_wconf 69' lang='lat' dir='ltr'>ervo</span> <span class='ocrx_word' id='word_1_16' title='bbox 1689 302 1791 360; x_wconf 75' lang='lat' dir='ltr'>poffit</span> <span class='ocrx_word' id='word_1_17' title='bbox 1828 307 1908 354; x_wconf 73' lang='lat' dir='ltr'>Sept</span> <span class='ocrx_word' id='word_1_18' title='bbox 1911 321 1983 342; x_wconf 81' lang='lat' dir='ltr'>em.</span> 
     </span>
    </p>
   </div>
   <div class='ocr_carea' id='block_1_5' title="bbox 371 355 1145 756">
    <p class='ocr_par' dir='ltr' id='par_1_5' title="bbox 371 355 1145 752">
     <span class='ocr_line' id='line_1_5' title="bbox 380 355 1145 404; baseline 0 -14"><span class='ocrx_word' id='word_1_19' title='bbox 380 356 605 400; x_wconf 75' lang='lat' dir='ltr'>[z.1nus.lta</span> <span class='ocrx_word' id='word_1_20' title='bbox 641 355 907 404; x_wconf 83' lang='lat' dir='ltr'>Liutprandus,</span> <span class='ocrx_word' id='word_1_21' title='bbox 939 355 1045 403; x_wconf 79' lang='lat' dir='ltr'>cujus</span> <span class='ocrx_word' id='word_1_22' title='bbox 1071 368 1145 390; x_wconf 87' lang='lat' dir='ltr'>ver-</span> 
     </span>
     <span class='ocr_line' id='line_1_6' title="bbox 389 405 1144 454; baseline -0.001 -12"><span class='ocrx_word' id='word_1_23' title='bbox 389 407 430 442; x_wconf 87' lang='lat' dir='ltr'>ba</span> <span class='ocrx_word' id='word_1_24' title='bbox 458 419 571 442; x_wconf 87' lang='lat' dir='ltr'>meam</span> <span class='ocrx_word' id='word_1_25' title='bbox 598 405 776 453; x_wconf 85' lang='lat' dir='ltr'>increpare</span> <span class='ocrx_word' id='word_1_26' title='bbox 813 406 1065 454; x_wconf 79' lang='lat' dir='ltr'>negligentiam</span> <span class='ocrx_word' id='word_1_27' title='bbox 1093 405 1144 441; x_wconf 86' lang='lat' dir='ltr'>vi-</span> 
     </span>
     <span class='ocr_line' id='line_1_7' title="bbox 371 456 1144 504; baseline -0.003 -11"><span class='ocrx_word' id='word_1_28' title='bbox 371 456 577 500; x_wconf 80' lang='lat' dir='ltr'>·derentur,</span> <span class='ocrx_word' id='word_1_29' title='bbox 611 456 702 504; x_wconf 86' lang='lat' dir='ltr'>quod</span> <span class='ocrx_word' id='word_1_30' title='bbox 732 457 885 491; x_wconf 87' lang='lat' dir='ltr'>nondum</span> <span class='ocrx_word' id='word_1_31' title='bbox 917 457 1023 491; x_wconf 81' lang='lat' dir='ltr'>ullam</span> <span class='ocrx_word' id='word_1_32' title='bbox 1051 459 1144 491; x_wconf 78' lang='lat' dir='ltr'>Nort-</span> 
     </span>
     <span class='ocr_line' id='line_1_8' title="bbox 387 506 1145 551; baseline 0.001 -10"><span class='ocrx_word' id='word_1_33' title='bbox 387 521 572 542; x_wconf 62' lang='lat' dir='ltr'>mmnnomm</span> <span class='ocrx_word' id='word_1_34' title='bbox 617 507 833 542; x_wconf 79' lang='lat' dir='ltr'>mentionem</span> <span class='ocrx_word' id='word_1_35' title='bbox 871 506 1043 551; x_wconf 83' lang='lat' dir='ltr'><strong>fecerim,</strong></span> <span class='ocrx_word' id='word_1_36' title='bbox 1084 507 1145 542; x_wconf 81' lang='lat' dir='ltr'>nifi</span> 
     </span>
     <span class='ocr_line' id='line_1_9' title="bbox 388 556 1138 593; baseline -0.001 0"><span class='ocrx_word' id='word_1_37' title='bbox 388 571 462 593; x_wconf 82' lang='lat' dir='ltr'>eam</span> <span class='ocrx_word' id='word_1_38' title='bbox 501 556 661 592; x_wconf 83' lang='lat' dir='ltr'>consulto</span> <span class='ocrx_word' id='word_1_39' title='bbox 698 557 764 591; x_wconf 87' lang='lat' dir='ltr'>huc</span> <span class='ocrx_word' id='word_1_40' title='bbox 806 556 1046 593; x_wconf 80' lang='lat' dir='ltr'>reservaffem.</span> <span class='ocrx_word' id='word_1_41' title='bbox 1091 559 1138 592; x_wconf 91' lang='lat' dir='ltr'>In-</span> 
     </span>
     <span class='ocr_line' id='line_1_10' title="bbox 385 606 1133 656; baseline 0 -13"><span class='ocrx_word' id='word_1_42' title='bbox 385 607 563 643; x_wconf 64' lang='lat' dir='ltr'>nuendum</span> <span class='ocrx_word' id='word_1_43' title='bbox 589 608 633 642; x_wconf 86' lang='lat' dir='ltr'>est</span> <span class='ocrx_word' id='word_1_44' title='bbox 653 606 784 655; x_wconf 76' lang='lat' dir='ltr'>igitur,</span> <span class='ocrx_word' id='word_1_45' title='bbox 809 611 1042 652; x_wconf 74' lang='lat' dir='ltr'>Nortmamws,</span> <span class='ocrx_word' id='word_1_46' title='bbox 1067 621 1133 656; x_wconf 80' lang='lat' dir='ltr'>gen</span> 
     </span>
     <span class='ocr_line' id='line_1_11' title="bbox 386 659 1140 706; baseline -0.001 -12"><span class='ocrx_word' id='word_1_47' title='bbox 386 667 459 694; x_wconf 73' lang='lat' dir='ltr'>tem</span> <span class='ocrx_word' id='word_1_48' title='bbox 496 672 539 692; x_wconf 85' lang='lat' dir='ltr'>ex</span> <span class='ocrx_word' id='word_1_49' title='bbox 575 660 758 705; x_wconf 82' lang='lat' dir='ltr'>Europaeo</span> <span class='ocrx_word' id='word_1_50' title='bbox 795 659 1038 705; x_wconf 86' lang='lat' dir='ltr'>Septentrione</span> <span class='ocrx_word' id='word_1_51' title='bbox 1071 672 1140 706; x_wconf 89' lang='lat' dir='ltr'>pro-</span> 
     </span>
     <span class='ocr_line' id='line_1_12' title="bbox 386 707 1144 756; baseline 0.003 -14"><span class='ocrx_word' id='word_1_52' title='bbox 386 707 537 752; x_wconf 58' lang='lat' dir='ltr'>fletam,</span> <span class='ocrx_word' id='word_1_53' title='bbox 573 717 738 756; x_wconf 83' lang='lat' dir='ltr'>regnante</span> <span class='ocrx_word' id='word_1_54' title='bbox 773 708 883 744; x_wconf 89' lang='lat' dir='ltr'>adhuc</span> <span class='ocrx_word' id='word_1_55' title='bbox 911 710 1041 745; x_wconf 84' lang='lat' dir='ltr'>Carolo</span> <span class='ocrx_word' id='word_1_56' title='bbox 1070 711 1144 744; x_wconf 80' lang='lat' dir='ltr'>Ma-</span> 
     </span>
    </p>
   </div>
   <div class='ocr_carea' id='block_1_6' title="bbox 1224 354 1985 654">
    <p class='ocr_par' dir='ltr' id='par_1_6' title="bbox 1224 354 1985 654">
     <span class='ocr_line' id='line_1_13' title="bbox 1224 354 1978 404; baseline 0.004 -14"><span class='ocrx_word' id='word_1_57' title='bbox 1224 355 1429 390; x_wconf 82' lang='lat' dir='ltr'>trionalium</span> <span class='ocrx_word' id='word_1_58' title='bbox 1461 356 1674 404; x_wconf 77' lang='lat' dir='ltr'>populorum</span> <span class='ocrx_word' id='word_1_59' title='bbox 1702 368 1754 389; x_wconf 75' lang='lat' dir='ltr'>Vis</span> <span class='ocrx_word' id='word_1_60' title='bbox 1780 355 1813 389; x_wconf 73' lang='lat'>8&lt;</span> <span class='ocrx_word' id='word_1_61' title='bbox 1839 354 1978 401; x_wconf 80' lang='lat' dir='ltr'>feritas,</span> 
     </span>
     <span class='ocr_line' id='line_1_14' title="bbox 1224 405 1979 463; baseline 0.004 -24"><span class='ocrx_word' id='word_1_62' title='bbox 1224 405 1304 441; x_wconf 87' lang='lat' dir='ltr'>hinc</span> <span class='ocrx_word' id='word_1_63' title='bbox 1345 419 1483 453; x_wconf 87' lang='lat' dir='ltr'>quoque</span> <span class='ocrx_word' id='word_1_64' title='bbox 1522 405 1650 440; x_wconf 76' lang='lat' dir='ltr'>discere</span> <span class='ocrx_word' id='word_1_65' title='bbox 1692 405 1890 463; x_wconf 71' lang='lat' dir='ltr'>possumus.</span> <span class='ocrx_word' id='word_1_66' title='bbox 1927 408 1979 442; x_wconf 81' lang='lat' dir='ltr'>At</span> 
     </span>
     <span class='ocr_line' id='line_1_15' title="bbox 1224 455 1983 504; baseline 0.001 -13"><span class='ocrx_word' id='word_1_67' title='bbox 1224 456 1312 491; x_wconf 88' lang='lat' dir='ltr'>unde</span> <span class='ocrx_word' id='word_1_68' title='bbox 1350 456 1565 492; x_wconf 84' lang='lat' dir='ltr'>Nortmanni</span> <span class='ocrx_word' id='word_1_69' title='bbox 1603 455 1807 504; x_wconf 80' lang='lat' dir='ltr'>eruperint,</span> <span class='ocrx_word' id='word_1_70' title='bbox 1844 455 1867 490; x_wconf 88' lang='lat' dir='ltr'><strong>fi</strong></span> <span class='ocrx_word' id='word_1_71' title='bbox 1904 456 1983 504; x_wconf 86' lang='lat' dir='ltr'>qui-</span> 
     </span>
     <span class='ocr_line' id='line_1_16' title="bbox 1224 505 1984 554; baseline 0.001 -13"><span class='ocrx_word' id='word_1_72' title='bbox 1224 506 1340 554; x_wconf 81' lang='lat' dir='ltr'>squam</span> <span class='ocrx_word' id='word_1_73' title='bbox 1370 506 1491 541; x_wconf 83' lang='lat' dir='ltr'>rescire</span> <span class='ocrx_word' id='word_1_74' title='bbox 1529 506 1668 554; x_wconf 86' lang='lat' dir='ltr'>cupiat,</span> <span class='ocrx_word' id='word_1_75' title='bbox 1697 505 1856 541; x_wconf 84' lang='lat' dir='ltr'>Francici</span> <span class='ocrx_word' id='word_1_76' title='bbox 1892 506 1984 542; x_wconf 81' lang='lat' dir='ltr'>Scri-</span> 
     </span>
     <span class='ocr_line' id='line_1_17' title="bbox 1226 556 1985 604; baseline 0.001 -13"><span class='ocrx_word' id='word_1_77' title='bbox 1226 569 1338 604; x_wconf 74' lang='lat' dir='ltr'>ptores</span> <span class='ocrx_word' id='word_1_78' title='bbox 1363 556 1593 604; x_wconf 77' lang='lat' dir='ltr'>respondent,</span> <span class='ocrx_word' id='word_1_79' title='bbox 1617 570 1659 591; x_wconf 81' lang='lat' dir='ltr'>ex</span> <span class='ocrx_word' id='word_1_80' title='bbox 1685 557 1812 591; x_wconf 81' lang='lat' dir='ltr'>Dam&#39;a.</span> <span class='ocrx_word' id='word_1_81' title='bbox 1841 558 1888 592; x_wconf 84' lang='lat' dir='ltr'>Et</span> <span class='ocrx_word' id='word_1_82' title='bbox 1913 560 1985 592; x_wconf 79' lang='lat' dir='ltr'>Da-</span> 
     </span>
     <span class='ocr_line' id='line_1_18' title="bbox 1224 606 1983 654; baseline 0 -13"><span class='ocrx_word' id='word_1_83' title='bbox 1224 620 1276 640; x_wconf 83' lang='lat' dir='ltr'>nos</span> <span class='ocrx_word' id='word_1_84' title='bbox 1311 607 1453 654; x_wconf 84' lang='lat' dir='ltr'>quidem</span> <span class='ocrx_word' id='word_1_85' title='bbox 1491 606 1626 641; x_wconf 65' lang='lat' dir='ltr'>eosdem</span> <span class='ocrx_word' id='word_1_86' title='bbox 1665 619 1744 641; x_wconf 87' lang='lat' dir='ltr'>cum</span> <span class='ocrx_word' id='word_1_87' title='bbox 1774 609 1983 642; x_wconf 72' lang='lat' dir='ltr'>Nortmmmis</span> 
     </span>
    </p>
   </div>
   <div class='ocr_carea' id='block_1_7' title="bbox 1224 656 1981 756">
    <p class='ocr_par' dir='ltr' id='par_1_7' title="bbox 1224 656 1981 755">
     <span class='ocr_line' id='line_1_19' title="bbox 1224 656 1981 704; baseline 0.003 -13"><span class='ocrx_word' id='word_1_88' title='bbox 1224 657 1371 693; x_wconf 82' lang='lat' dir='ltr'>faciebat</span> <span class='ocrx_word' id='word_1_89' title='bbox 1400 656 1586 692; x_wconf 85' lang='lat' dir='ltr'>Ermoldus</span> <span class='ocrx_word' id='word_1_90' title='bbox 1616 656 1781 704; x_wconf 82' lang='lat' dir='ltr'>Nigellus</span> <span class='ocrx_word' id='word_1_91' title='bbox 1808 656 1888 692; x_wconf 86' lang='lat' dir='ltr'>Lib.</span> <span class='ocrx_word' id='word_1_92' title='bbox 1918 659 1981 693; x_wconf 72' lang='lat' dir='ltr'>IV⁰</span> 
     </span>
     <span class='ocr_line' id='line_1_20' title="bbox 1224 707 1981 756; baseline 0 -14"><span class='ocrx_word' id='word_1_93' title='bbox 1224 708 1263 743; x_wconf 86' lang='lat' dir='ltr'>de</span> <span class='ocrx_word' id='word_1_94' title='bbox 1293 709 1377 743; x_wconf 86' lang='lat' dir='ltr'>Reb.</span> <span class='ocrx_word' id='word_1_95' title='bbox 1405 707 1482 756; x_wconf 79' lang='lat' dir='ltr'>gest.</span> <span class='ocrx_word' id='word_1_96' title='bbox 1515 707 1691 743; x_wconf 81' lang='lat' dir='ltr'>Ludovici</span> <span class='ocrx_word' id='word_1_97' title='bbox 1727 707 1782 742; x_wconf 68' lang='lat' dir='ltr'>Pii</span> <span class='ocrx_word' id='word_1_98' title='bbox 1811 707 1981 755; x_wconf 84' lang='lat' dir='ltr'>Augusti,</span> 
     </span>
    </p>
   </div>
   <div class='ocr_carea' id='block_1_8' title="bbox 387 757 1983 808">
    <p class='ocr_par' dir='ltr' id='par_1_8' title="bbox 387 757 1983 808">
     <span class='ocr_line' id='line_1_21' title="bbox 387 757 1983 808; baseline 0 -16"><span class='ocrx_word' id='word_1_99' title='bbox 387 771 489 806; x_wconf 69' lang='lat' dir='ltr'>guo,</span> <span class='ocrx_word' id='word_1_100' title='bbox 543 757 725 806; x_wconf 78' lang='lat' dir='ltr'>piraticam</span> <span class='ocrx_word' id='word_1_101' title='bbox 769 772 927 795; x_wconf 85' lang='lat' dir='ltr'>exercere</span> <span class='ocrx_word' id='word_1_102' title='bbox 971 760 1148 808; x_wconf 80' lang='lat' dir='ltr'>coepifl&#39;e,</span> <span class='ocrx_word' id='word_1_103' title='bbox 1172 760 1199 793; x_wconf 84' lang='lat' dir='ltr'>B</span> <span class='ocrx_word' id='word_1_104' title='bbox 1226 758 1283 793; x_wconf 74' lang='lat' dir='ltr'>iub</span> <span class='ocrx_word' id='word_1_105' title='bbox 1319 772 1390 805; x_wconf 87' lang='lat' dir='ltr'>quo</span> <span class='ocrx_word' id='word_1_106' title='bbox 1427 758 1455 793; x_wconf 83' lang='lat' dir='ltr'>is</span> <span class='ocrx_word' id='word_1_107' title='bbox 1494 757 1637 800; x_wconf 81' lang='lat' dir='ltr'>floruit,</span> <span class='ocrx_word' id='word_1_108' title='bbox 1669 766 1708 793; x_wconf 90' lang='lat' dir='ltr'>ut</span> <span class='ocrx_word' id='word_1_109' title='bbox 1744 758 1817 806; x_wconf 81' lang='lat' dir='ltr'>ejus</span> <span class='ocrx_word' id='word_1_110' title='bbox 1856 760 1983 793; x_wconf 76' lang='lat' dir='ltr'>Poema</span> 
     </span>
    </p>
   </div>
   <div class='ocr_carea' id='block_1_9' title="bbox 382 808 1157 1651">
    <p class='ocr_par' dir='ltr' id='par_1_9' title="bbox 382 808 1157 1651">
     <span class='ocr_line' id='line_1_22' title="bbox 387 808 1145 856; baseline 0.001 -12"><span class='ocrx_word' id='word_1_111' title='bbox 387 808 591 856; x_wconf 73' lang='lat' dir='ltr'>Oceanique</span> <span class='ocrx_word' id='word_1_112' title='bbox 627 809 831 845; x_wconf 84' lang='lat' dir='ltr'>Germanici</span> <span class='ocrx_word' id='word_1_113' title='bbox 869 811 902 844; x_wconf 70' lang='lat'>8&lt;</span> <span class='ocrx_word' id='word_1_114' title='bbox 935 810 1066 845; x_wconf 83' lang='lat' dir='ltr'>Gallici</span> <span class='ocrx_word' id='word_1_115' title='bbox 1105 810 1145 845; x_wconf 92' lang='lat' dir='ltr'>li-</span> 
     </span>
     <span class='ocr_line' id='line_1_23' title="bbox 385 859 1142 896; baseline 0 -2"><span class='ocrx_word' id='word_1_116' title='bbox 385 868 464 895; x_wconf 74' lang='lat' dir='ltr'>tora</span> <span class='ocrx_word' id='word_1_117' title='bbox 491 873 562 894; x_wconf 89' lang='lat' dir='ltr'>non</span> <span class='ocrx_word' id='word_1_118' title='bbox 590 859 694 895; x_wconf 81' lang='lat' dir='ltr'>semel</span> <span class='ocrx_word' id='word_1_119' title='bbox 731 859 916 896; x_wconf 81' lang='lat' dir='ltr'>infestaffe.</span> <span class='ocrx_word' id='word_1_120' title='bbox 951 862 1046 896; x_wconf 91' lang='lat' dir='ltr'>Tum</span> <span class='ocrx_word' id='word_1_121' title='bbox 1077 859 1142 895; x_wconf 82' lang='lat' dir='ltr'>sen-</span> 
     </span>
     <span class='ocr_line' id='line_1_24' title="bbox 386 908 1143 958; baseline -0.001 -12"><span class='ocrx_word' id='word_1_122' title='bbox 386 909 450 946; x_wconf 82' lang='lat' dir='ltr'>fim</span> <span class='ocrx_word' id='word_1_123' title='bbox 494 908 733 958; x_wconf 81' lang='lat' dir='ltr'>frequentibus</span> <span class='ocrx_word' id='word_1_124' title='bbox 774 910 1027 946; x_wconf 84' lang='lat' dir='ltr'>incurfionibus</span> <span class='ocrx_word' id='word_1_125' title='bbox 1071 911 1143 945; x_wconf 87' lang='lat' dir='ltr'>Bri·</span> 
     </span>
     <span class='ocr_line' id='line_1_25' title="bbox 388 960 1131 1008; baseline 0.001 -13"><span class='ocrx_word' id='word_1_126' title='bbox 388 960 570 1004; x_wconf 55' lang='lat' dir='ltr'>anniam,</span> <span class='ocrx_word' id='word_1_127' title='bbox 593 960 757 1005; x_wconf 84' lang='lat' dir='ltr'>Frifiam‚</span> <span class='ocrx_word' id='word_1_128' title='bbox 782 962 815 996; x_wconf 73' lang='grc' dir='ltr'>ἃ</span> <span class='ocrx_word' id='word_1_129' title='bbox 841 961 1040 1008; x_wconf 86' lang='lat' dir='ltr'>praesertim</span> <span class='ocrx_word' id='word_1_130' title='bbox 1065 962 1131 996; x_wconf 78' lang='lat' dir='ltr'>Gal</span> 
     </span>
     <span class='ocr_line' id='line_1_26' title="bbox 386 1010 1146 1060; baseline 0 -14"><span class='ocrx_word' id='word_1_131' title='bbox 386 1010 454 1046; x_wconf 84' lang='lat' dir='ltr'>lias</span> <span class='ocrx_word' id='word_1_132' title='bbox 491 1011 604 1047; x_wconf 81' lang='lat' dir='ltr'>acrius</span> <span class='ocrx_word' id='word_1_133' title='bbox 640 1025 766 1047; x_wconf 81' lang='lat' dir='ltr'>vexare</span> <span class='ocrx_word' id='word_1_134' title='bbox 805 1021 1050 1060; x_wconf 74' lang='lat' dir='ltr'>perrexerunt,</span> <span class='ocrx_word' id='word_1_135' title='bbox 1080 1012 1146 1046; x_wconf 83' lang='lat' dir='ltr'>cla·</span> 
     </span>
     <span class='ocr_line' id='line_1_27' title="bbox 387 1060 1146 1111; baseline 0 -15"><span class='ocrx_word' id='word_1_136' title='bbox 387 1061 468 1103; x_wconf 78' lang='lat' dir='ltr'>des,</span> <span class='ocrx_word' id='word_1_137' title='bbox 496 1060 533 1097; x_wconf 85' lang='lat' dir='ltr'>in</span> <span class='ocrx_word' id='word_1_138' title='bbox 561 1075 800 1110; x_wconf 90' lang='lat' dir='ltr'>quaecumque</span> <span class='ocrx_word' id='word_1_139' title='bbox 829 1064 906 1098; x_wconf 87' lang='lat' dir='ltr'>loca</span> <span class='ocrx_word' id='word_1_140' title='bbox 938 1063 1146 1111; x_wconf 78' lang='lat' dir='ltr'>pergebant,</span> 
     </span>
     <span class='ocr_line' id='line_1_28' title="bbox 387 1111 1145 1162; baseline 0 -15"><span class='ocrx_word' id='word_1_141' title='bbox 387 1111 507 1159; x_wconf 81' lang='lat' dir='ltr'>ignem</span> <span class='ocrx_word' id='word_1_142' title='bbox 550 1113 583 1147; x_wconf 67' lang='grc' dir='ltr'>δι</span> <span class='ocrx_word' id='word_1_143' title='bbox 626 1112 897 1149; x_wconf 86' lang='lat' dir='ltr'>devastationem</span> <span class='ocrx_word' id='word_1_144' title='bbox 945 1123 1145 1162; x_wconf 80' lang='lat' dir='ltr'>portantes.</span> 
     </span>
     <span class='ocr_line' id='line_1_29' title="bbox 389 1161 1142 1210; baseline -0.001 -12"><span class='ocrx_word' id='word_1_145' title='bbox 389 1161 542 1198; x_wconf 58' lang='lat' dir='ltr'>Perzafit</span> <span class='ocrx_word' id='word_1_146' title='bbox 571 1163 675 1210; x_wconf 82' lang='lat' dir='ltr'>usque</span> <span class='ocrx_word' id='word_1_147' title='bbox 703 1164 740 1199; x_wconf 87' lang='lat' dir='ltr'>in</span> <span class='ocrx_word' id='word_1_148' title='bbox 779 1164 920 1199; x_wconf 77' lang='lat' dir='ltr'>Italiam</span> <span class='ocrx_word' id='word_1_149' title='bbox 948 1176 1067 1199; x_wconf 67' lang='lat' dir='ltr'>eorum</span> <span class='ocrx_word' id='word_1_150' title='bbox 1096 1163 1142 1198; x_wconf 86' lang='lat' dir='ltr'>fu</span> 
     </span>
     <span class='ocr_line' id='line_1_30' title="bbox 383 1214 912 1258; baseline 0.004 -11"><span class='ocrx_word' id='word_1_151' title='bbox 383 1225 443 1248; x_wconf 73' lang='lat' dir='ltr'>ror</span> <span class='ocrx_word' id='word_1_152' title='bbox 485 1214 592 1250; x_wconf 86' lang='lat' dir='ltr'>Anno</span> <span class='ocrx_word' id='word_1_153' title='bbox 637 1216 912 1258; x_wconf 62' lang='lat' dir='ltr'>DCCCLVII„</span> 
     </span>
     <span class='ocr_line' id='line_1_31' title="bbox 385 1263 1143 1314; baseline 0.003 -16"><span class='ocrx_word' id='word_1_154' title='bbox 385 1263 549 1308; x_wconf 77' lang='lat' dir='ltr'>Civitas,</span> <span class='ocrx_word' id='word_1_155' title='bbox 575 1265 672 1313; x_wconf 84' lang='lat' dir='ltr'>cujus</span> <span class='ocrx_word' id='word_1_156' title='bbox 702 1278 793 1300; x_wconf 89' lang='lat' dir='ltr'>nunc</span> <span class='ocrx_word' id='word_1_157' title='bbox 821 1265 883 1300; x_wconf 85' lang='lat' dir='ltr'>vix</span> <span class='ocrx_word' id='word_1_158' title='bbox 909 1265 1053 1314; x_wconf 82' lang='lat' dir='ltr'>vestigia</span> <span class='ocrx_word' id='word_1_159' title='bbox 1077 1278 1143 1300; x_wconf 89' lang='lat' dir='ltr'>cer-</span> 
     </span>
     <span class='ocr_line' id='line_1_32' title="bbox 384 1314 1140 1363; baseline 0.001 -15"><span class='ocrx_word' id='word_1_160' title='bbox 384 1324 538 1358; x_wconf 82' lang='lat' dir='ltr'>nuntur,</span> <span class='ocrx_word' id='word_1_161' title='bbox 564 1316 606 1349; x_wconf 88' lang='lat' dir='ltr'>ab</span> <span class='ocrx_word' id='word_1_162' title='bbox 630 1314 709 1362; x_wconf 84' lang='lat' dir='ltr'>ipfis</span> <span class='ocrx_word' id='word_1_163' title='bbox 736 1315 820 1350; x_wconf 86' lang='lat' dir='ltr'>dolo</span> <span class='ocrx_word' id='word_1_164' title='bbox 845 1324 967 1363; x_wconf 87' lang='lat' dir='ltr'>capta,</span> <span class='ocrx_word' id='word_1_165' title='bbox 995 1329 1032 1350; x_wconf 88' lang='lat' dir='ltr'>ac</span> <span class='ocrx_word' id='word_1_166' title='bbox 1059 1325 1140 1350; x_wconf 83' lang='lat' dir='ltr'>tam-</span> 
     </span>
     <span class='ocr_line' id='line_1_33' title="bbox 383 1363 1146 1408; baseline 0.001 -10"><span class='ocrx_word' id='word_1_167' title='bbox 383 1363 461 1398; x_wconf 75' lang='lat' dir='ltr'>dem</span> <span class='ocrx_word' id='word_1_168' title='bbox 492 1365 614 1399; x_wconf 87' lang='lat' dir='ltr'>attrita</span> <span class='ocrx_word' id='word_1_169' title='bbox 650 1365 716 1408; x_wconf 85' lang='lat' dir='ltr'>est,</span> <span class='ocrx_word' id='word_1_170' title='bbox 747 1375 784 1400; x_wconf 86' lang='lat' dir='ltr'>ut</span> <span class='ocrx_word' id='word_1_171' title='bbox 816 1366 936 1401; x_wconf 66' lang='lat' dir='ltr'>auE’tor</span> <span class='ocrx_word' id='word_1_172' title='bbox 964 1365 1008 1401; x_wconf 84' lang='lat' dir='ltr'>est</span> <span class='ocrx_word' id='word_1_173' title='bbox 1043 1365 1146 1400; x_wconf 79' lang='lat' dir='ltr'>Dudo</span> 
     </span>
     <span class='ocr_line' id='line_1_34' title="bbox 384 1413 1144 1458; baseline 0.001 -10"><span class='ocrx_word' id='word_1_174' title='bbox 384 1414 426 1448; x_wconf 82' lang='lat' dir='ltr'>de</span> <span class='ocrx_word' id='word_1_175' title='bbox 443 1413 568 1448; x_wconf 58' lang='lat' dir='ltr'>Sane-*to</span> <span class='ocrx_word' id='word_1_176' title='bbox 585 1414 766 1458; x_wconf 78' lang='lat' dir='ltr'>Quintino</span> <span class='ocrx_word' id='word_1_177' title='bbox 778 1442 785 1449; x_wconf 89' lang='lat'>.</span> <span class='ocrx_word' id='word_1_178' title='bbox 800 1415 911 1449; x_wconf 89' lang='lat' dir='ltr'>Iidem</span> <span class='ocrx_word' id='word_1_179' title='bbox 929 1415 1023 1449; x_wconf 87' lang='lat' dir='ltr'>Pisas</span> <span class='ocrx_word' id='word_1_180' title='bbox 1036 1442 1045 1457; x_wconf 89' lang='lat'><strong>‚</strong></span> <span class='ocrx_word' id='word_1_181' title='bbox 1063 1416 1144 1449; x_wconf 82' lang='lat' dir='ltr'>alia-</span> 
     </span>
     <span class='ocr_line' id='line_1_35' title="bbox 383 1463 1147 1511; baseline -0.003 -12"><span class='ocrx_word' id='word_1_182' title='bbox 383 1463 466 1511; x_wconf 79' lang='lat' dir='ltr'>sque</span> <span class='ocrx_word' id='word_1_183' title='bbox 497 1464 620 1499; x_wconf 83' lang='lat' dir='ltr'>Italiae</span> <span class='ocrx_word' id='word_1_184' title='bbox 653 1464 763 1499; x_wconf 85' lang='lat' dir='ltr'>Urbes</span> <span class='ocrx_word' id='word_1_185' title='bbox 795 1466 902 1499; x_wconf 88' lang='lat' dir='ltr'>Anno</span> <span class='ocrx_word' id='word_1_186' title='bbox 933 1466 1147 1499; x_wconf 82' lang='lat' dir='ltr'>DCCCLX.</span> 
     </span>
     <span class='ocr_line' id='line_1_36' title="bbox 382 1513 1144 1561; baseline -0.003 -11"><span class='ocrx_word' id='word_1_187' title='bbox 382 1514 578 1550; x_wconf 74' lang='lat' dir='ltr'>vastarunt.</span> <span class='ocrx_word' id='word_1_188' title='bbox 607 1515 756 1561; x_wconf 77' lang='lat' dir='ltr'>Reliqua</span> <span class='ocrx_word' id='word_1_189' title='bbox 781 1514 952 1550; x_wconf 88' lang='lat' dir='ltr'>horrenda</span> <span class='ocrx_word' id='word_1_190' title='bbox 980 1528 1017 1549; x_wconf 86' lang='lat' dir='ltr'>ac</span> <span class='ocrx_word' id='word_1_191' title='bbox 1046 1513 1144 1549; x_wconf 83' lang='lat' dir='ltr'>innu-</span> 
     </span>
     <span class='ocr_line' id='line_1_37' title="bbox 384 1540 1157 1602; baseline -0.003 -2"><span class='ocrx_word' id='word_1_192' title='bbox 384 1577 479 1600; x_wconf 82' lang='lat' dir='ltr'>mera</span> <span class='ocrx_word' id='word_1_193' title='bbox 507 1577 627 1599; x_wconf 87' lang='lat' dir='ltr'>eorum</span> <span class='ocrx_word' id='word_1_194' title='bbox 656 1564 811 1599; x_wconf 80' lang='lat' dir='ltr'>facinora</span> <span class='ocrx_word' id='word_1_195' title='bbox 848 1565 1025 1600; x_wconf 83' lang='lat' dir='ltr'>Historiae</span> <span class='ocrx_word' id='word_1_196' title='bbox 1053 1540 1157 1602; x_wconf 67' lang='lat' dir='ltr'>vete-i</span> 
     </span>
     <span class='ocr_line' id='line_1_38' title="bbox 385 1614 1147 1651; baseline -0.003 -1"><span class='ocrx_word' id='word_1_197' title='bbox 385 1628 437 1651; x_wconf 85' lang='lat' dir='ltr'>res</span> <span class='ocrx_word' id='word_1_198' title='bbox 468 1617 679 1649; x_wconf 79' lang='lat' dir='ltr'>Francorum</span> <span class='ocrx_word' id='word_1_199' title='bbox 709 1614 832 1649; x_wconf 89' lang='lat' dir='ltr'>multis</span> <span class='ocrx_word' id='word_1_200' title='bbox 862 1614 1060 1649; x_wconf 80' lang='lat' dir='ltr'>describunt</span> <span class='ocrx_word' id='word_1_201' title='bbox 1078 1640 1086 1648; x_wconf 92' lang='lat'>.</span> <span class='ocrx_word' id='word_1_202' title='bbox 1116 1615 1147 1648; x_wconf 84' lang='lat' dir='ltr'>A</span> 
     </span>
    </p>
   </div>
   <div class='ocr_carea' id='block_1_10' title="bbox 388 1663 1202 1701">
    <p class='ocr_par' dir='ltr' id='par_1_10' title="bbox 388 1663 1202 1701">
     <span class='ocr_line' id='line_1_39' title="bbox 388 1663 1202 1701; baseline -0.001 -1"><span class='ocrx_word' id='word_1_203' title='bbox 388 1666 542 1701; x_wconf 86' lang='lat' dir='ltr'>Rollone</span> <span class='ocrx_word' id='word_1_204' title='bbox 563 1674 678 1700; x_wconf 85' lang='lat' dir='ltr'>autem</span> <span class='ocrx_word' id='word_1_205' title='bbox 703 1666 799 1699; x_wconf 87' lang='lat' dir='ltr'>Duce</span> <span class='ocrx_word' id='word_1_206' title='bbox 825 1663 884 1699; x_wconf 90' lang='lat' dir='ltr'>sub</span> <span class='ocrx_word' id='word_1_207' title='bbox 905 1664 1051 1699; x_wconf 84' lang='lat' dir='ltr'>initium</span> <span class='ocrx_word' id='word_1_208' title='bbox 1073 1666 1147 1699; x_wconf 80' lang='lat' dir='ltr'>sae·</span> <span class='ocrx_word' id='word_1_209' title='bbox 1171 1668 1202 1699; x_wconf 76' lang='lat' dir='ltr'><strong>D</strong></span> 
     </span>
    </p>
   </div>
   <div class='ocr_carea' id='block_1_11' title="bbox 385 1714 1201 2573">
    <p class='ocr_par' dir='ltr' id='par_1_11' title="bbox 385 1714 1201 2573">
     <span class='ocr_line' id='line_1_40' title="bbox 387 1714 1146 1759; baseline -0.003 -8"><span class='ocrx_word' id='word_1_210' title='bbox 387 1716 459 1752; x_wconf 89' lang='lat' dir='ltr'>culi</span> <span class='ocrx_word' id='word_1_211' title='bbox 490 1714 651 1759; x_wconf 86' lang='lat' dir='ltr'>Decimi,</span> <span class='ocrx_word' id='word_1_212' title='bbox 677 1715 779 1750; x_wconf 88' lang='lat' dir='ltr'>initis</span> <span class='ocrx_word' id='word_1_213' title='bbox 805 1728 883 1750; x_wconf 89' lang='lat' dir='ltr'>cum</span> <span class='ocrx_word' id='word_1_214' title='bbox 910 1716 1041 1750; x_wconf 84' lang='lat' dir='ltr'>Carolo</span> <span class='ocrx_word' id='word_1_215' title='bbox 1062 1714 1146 1749; x_wconf 86' lang='lat' dir='ltr'>Sim-</span> 
     </span>
     <span class='ocr_line' id='line_1_41' title="bbox 385 1743 1146 1816; baseline -0.001 -15"><span class='ocrx_word' id='word_1_216' title='bbox 385 1766 481 1816; x_wconf 82' lang='lat' dir='ltr'>plice</span> <span class='ocrx_word' id='word_1_217' title='bbox 507 1743 721 1801; x_wconf 68' lang='lat' dir='ltr'>Francoium</span> <span class='ocrx_word' id='word_1_218' title='bbox 748 1768 842 1813; x_wconf 78' lang='lat' dir='ltr'>Rege</span> <span class='ocrx_word' id='word_1_219' title='bbox 870 1764 1065 1800; x_wconf 86' lang='lat' dir='ltr'>foederibus</span> <span class='ocrx_word' id='word_1_220' title='bbox 1095 1779 1146 1813; x_wconf 85' lang='lat' dir='ltr'>pa—</span> 
     </span>
     <span class='ocr_line' id='line_1_42' title="bbox 388 1815 1148 1865; baseline -0.003 -12"><span class='ocrx_word' id='word_1_221' title='bbox 388 1818 462 1861; x_wconf 89' lang='lat' dir='ltr'>cis,</span> <span class='ocrx_word' id='word_1_222' title='bbox 491 1817 645 1852; x_wconf 64' lang='lat' dir='ltr'>concessa</span> <span class='ocrx_word' id='word_1_223' title='bbox 677 1816 722 1851; x_wconf 81' lang='lat' dir='ltr'>est</span> <span class='ocrx_word' id='word_1_224' title='bbox 759 1816 840 1860; x_wconf 88' lang='lat' dir='ltr'>illi,</span> <span class='ocrx_word' id='word_1_225' title='bbox 868 1815 1008 1865; x_wconf 86' lang='lat' dir='ltr'>ejusque</span> <span class='ocrx_word' id='word_1_226' title='bbox 1038 1818 1148 1864; x_wconf 86' lang='lat' dir='ltr'>Popu</span> 
     </span>
     <span class='ocr_line' id='line_1_43' title="bbox 390 1866 1151 1914; baseline -0.003 -11"><span class='ocrx_word' id='word_1_227' title='bbox 390 1870 429 1903; x_wconf 88' lang='lat' dir='ltr'>lo</span> <span class='ocrx_word' id='word_1_228' title='bbox 465 1867 605 1902; x_wconf 81' lang='lat' dir='ltr'>Gallica</span> <span class='ocrx_word' id='word_1_229' title='bbox 647 1867 864 1911; x_wconf 86' lang='lat' dir='ltr'>Provincia,</span> <span class='ocrx_word' id='word_1_230' title='bbox 902 1880 989 1914; x_wconf 86' lang='lat' dir='ltr'>quae</span> <span class='ocrx_word' id='word_1_231' title='bbox 1025 1866 1151 1901; x_wconf 83' lang='lat' dir='ltr'>exinde</span> 
     </span>
     <span class='ocr_line' id='line_1_44' title="bbox 390 1917 1148 1966; baseline -0.004 -12"><span class='ocrx_word' id='word_1_232' title='bbox 390 1921 442 1954; x_wconf 88' lang='lat' dir='ltr'><em>N</em></span> <span class='ocrx_word' id='word_1_233' title='bbox 446 1919 592 1952; x_wconf 61' lang='lat' dir='ltr'>rmamiia</span> <span class='ocrx_word' id='word_1_234' title='bbox 632 1917 800 1965; x_wconf 82' lang='lat' dir='ltr'>appellari</span> <span class='ocrx_word' id='word_1_235' title='bbox 843 1926 966 1966; x_wconf 83' lang='lat' dir='ltr'>coepta</span> <span class='ocrx_word' id='word_1_236' title='bbox 1006 1917 1077 1960; x_wconf 86' lang='lat' dir='ltr'>est,</span> <span class='ocrx_word' id='word_1_237' title='bbox 1118 1918 1148 1951; x_wconf 76' lang='lat'>8&lt;</span> 
     </span>
     <span class='ocr_line' id='line_1_45' title="bbox 390 1967 1151 2016; baseline -0.003 -12"><span class='ocrx_word' id='word_1_238' title='bbox 390 1969 502 2005; x_wconf 80' lang='lat' dir='ltr'>adhuc</span> <span class='ocrx_word' id='word_1_239' title='bbox 531 1969 727 2016; x_wconf 82' lang='lat' dir='ltr'>appellatur</span> <span class='ocrx_word' id='word_1_240' title='bbox 764 1969 982 2003; x_wconf 65' lang='lat' dir='ltr'>Narmanaia.</span> <span class='ocrx_word' id='word_1_241' title='bbox 1018 1967 1082 2003; x_wconf 90' lang='lat' dir='ltr'>Sed</span> <span class='ocrx_word' id='word_1_242' title='bbox 1110 1980 1151 2002; x_wconf 88' lang='lat' dir='ltr'>ne</span> 
     </span>
     <span class='ocr_line' id='line_1_46' title="bbox 389 2017 1161 2070; baseline -0.005 -13"><span class='ocrx_word' id='word_1_243' title='bbox 389 2020 436 2057; x_wconf 83' lang='lat' dir='ltr'>iis</span> <span class='ocrx_word' id='word_1_244' title='bbox 464 2018 604 2065; x_wconf 86' lang='lat' dir='ltr'>quidem</span> <span class='ocrx_word' id='word_1_245' title='bbox 634 2018 762 2053; x_wconf 88' lang='lat' dir='ltr'>finibus</span> <span class='ocrx_word' id='word_1_246' title='bbox 791 2028 953 2053; x_wconf 80' lang='lat' dir='ltr'>contenta</span> <span class='ocrx_word' id='word_1_247' title='bbox 983 2017 1051 2053; x_wconf 84' lang='lat' dir='ltr'>fuit</span> <span class='ocrx_word' id='word_1_248' title='bbox 1080 2019 1161 2070; x_wconf 49' lang='lat' dir='ltr'>bei-3</span> 
     </span>
     <span class='ocr_line' id='line_1_47' title="bbox 391 2069 1152 2117; baseline -0.003 -12"><span class='ocrx_word' id='word_1_249' title='bbox 391 2069 590 2106; x_wconf 82' lang='lat' dir='ltr'>licofiffima</span> <span class='ocrx_word' id='word_1_250' title='bbox 627 2082 729 2117; x_wconf 77' lang='lat' dir='ltr'>gens:</span> <span class='ocrx_word' id='word_1_251' title='bbox 762 2081 843 2103; x_wconf 84' lang='lat' dir='ltr'>nam</span> <span class='ocrx_word' id='word_1_252' title='bbox 871 2082 989 2104; x_wconf 87' lang='lat' dir='ltr'>eorum</span> <span class='ocrx_word' id='word_1_253' title='bbox 1031 2082 1152 2104; x_wconf 86' lang='lat' dir='ltr'>manus</span> 
     </span>
     <span class='ocr_line' id='line_1_48' title="bbox 394 2118 1201 2167; baseline -0.002 -10"><span class='ocrx_word' id='word_1_254' title='bbox 394 2122 540 2158; x_wconf 75' lang='lat' dir='ltr'>Saeculo</span> <span class='ocrx_word' id='word_1_255' title='bbox 576 2119 773 2155; x_wconf 82' lang='lat' dir='ltr'>Undecimo</span> <span class='ocrx_word' id='word_1_256' title='bbox 809 2119 847 2154; x_wconf 86' lang='lat' dir='ltr'>in</span> <span class='ocrx_word' id='word_1_257' title='bbox 874 2119 1043 2167; x_wconf 83' lang='lat' dir='ltr'>Apuliam</span> <span class='ocrx_word' id='word_1_258' title='bbox 1075 2118 1151 2154; x_wconf 86' lang='lat' dir='ltr'>casu</span> <span class='ocrx_word' id='word_1_259' title='bbox 1175 2123 1201 2155; x_wconf 83' lang='lat' dir='ltr'>E</span> 
     </span>
     <span class='ocr_line' id='line_1_49' title="bbox 393 2163 1161 2215; baseline -0.003 -9"><span class='ocrx_word' id='word_1_260' title='bbox 393 2171 530 2215; x_wconf 82' lang='lat' dir='ltr'>delata,</span> <span class='ocrx_word' id='word_1_261' title='bbox 565 2185 602 2206; x_wconf 86' lang='lat' dir='ltr'>ac</span> <span class='ocrx_word' id='word_1_262' title='bbox 639 2169 759 2205; x_wconf 79' lang='lat' dir='ltr'>senfim</span> <span class='ocrx_word' id='word_1_263' title='bbox 796 2169 883 2205; x_wconf 87' lang='lat' dir='ltr'>viris</span> <span class='ocrx_word' id='word_1_264' title='bbox 919 2171 953 2205; x_wconf 65' lang='lat'>8&lt;</span> <span class='ocrx_word' id='word_1_265' title='bbox 990 2163 1161 2205; x_wconf 59' lang='lat' dir='ltr'>vifi‘toriisff</span> 
     </span>
     <span class='ocr_line' id='line_1_50' title="bbox 393 2219 1150 2268; baseline -0.003 -11"><span class='ocrx_word' id='word_1_266' title='bbox 393 2221 516 2266; x_wconf 56' lang='lat' dir='ltr'>atteia,</span> <span class='ocrx_word' id='word_1_267' title='bbox 545 2219 741 2256; x_wconf 85' lang='lat' dir='ltr'>universa-m</span> <span class='ocrx_word' id='word_1_268' title='bbox 773 2221 940 2264; x_wconf 80' lang='lat' dir='ltr'>Siciliam,</span> <span class='ocrx_word' id='word_1_269' title='bbox 968 2229 1150 2268; x_wconf 82' lang='lat' dir='ltr'>totamque</span> 
     </span>
     <span class='ocr_line' id='line_1_51' title="bbox 394 2272 1160 2319; baseline -0.004 -11"><span class='ocrx_word' id='word_1_270' title='bbox 394 2272 495 2308; x_wconf 82' lang='lat' dir='ltr'>illam</span> <span class='ocrx_word' id='word_1_271' title='bbox 524 2272 726 2318; x_wconf 63' lang='lat' dir='ltr'>regionem,</span> <span class='ocrx_word' id='word_1_272' title='bbox 754 2284 857 2319; x_wconf 87' lang='lat' dir='ltr'>quam</span> <span class='ocrx_word' id='word_1_273' title='bbox 885 2285 978 2307; x_wconf 89' lang='lat' dir='ltr'>nunc</span> <span class='ocrx_word' id='word_1_274' title='bbox 1005 2276 1160 2318; x_wconf 54' lang='lat' dir='ltr'>Regnum*</span> 
     </span>
     <span class='ocr_line' id='line_1_52' title="bbox 395 2306 1161 2371; baseline -0.001 -14"><span class='ocrx_word' id='word_1_275' title='bbox 395 2324 644 2370; x_wconf 66' lang='lat' dir='ltr'>Neapolitanum</span> <span class='ocrx_word' id='word_1_276' title='bbox 680 2323 914 2371; x_wconf 78' lang='lat' dir='ltr'>appellamus,</span> <span class='ocrx_word' id='word_1_277' title='bbox 944 2321 1005 2357; x_wconf 81' lang='lat' dir='ltr'>fibi</span> <span class='ocrx_word' id='word_1_278' title='bbox 1043 2306 1161 2370; x_wconf 56' lang='lat' dir='ltr'>suffiti-i</span> 
     </span>
     <span class='ocr_line' id='line_1_53' title="bbox 395 2354 1161 2421; baseline -0.003 -12"><span class='ocrx_word' id='word_1_279' title='bbox 395 2374 472 2417; x_wconf 86' lang='lat' dir='ltr'>cit,</span> <span class='ocrx_word' id='word_1_280' title='bbox 514 2375 547 2409; x_wconf 75' lang='lat'>8&lt;</span> <span class='ocrx_word' id='word_1_281' title='bbox 593 2376 750 2421; x_wconf 77' lang='lat' dir='ltr'>Regnum</span> <span class='ocrx_word' id='word_1_282' title='bbox 794 2372 844 2407; x_wconf 87' lang='lat' dir='ltr'>ibi</span> <span class='ocrx_word' id='word_1_283' title='bbox 886 2354 1161 2421; x_wconf 66' lang='lat' dir='ltr'>celeberrimum!</span> 
     </span>
     <span class='ocr_line' id='line_1_54' title="bbox 395 2422 1150 2470; baseline -0.003 -10"><span class='ocrx_word' id='word_1_284' title='bbox 395 2424 596 2460; x_wconf 83' lang='lat' dir='ltr'>constituit.</span> <span class='ocrx_word' id='word_1_285' title='bbox 635 2424 692 2458; x_wconf 85' lang='lat' dir='ltr'>Ad</span> <span class='ocrx_word' id='word_1_286' title='bbox 728 2423 812 2458; x_wconf 82' lang='lat' dir='ltr'>haec</span> <span class='ocrx_word' id='word_1_287' title='bbox 844 2424 1058 2459; x_wconf 76' lang='lat' dir='ltr'>Nortmanni</span> <span class='ocrx_word' id='word_1_288' title='bbox 1090 2422 1150 2470; x_wconf 67' lang='lat' dir='ltr'>ipsi</span> 
     </span>
     <span class='ocr_line' id='line_1_55' title="bbox 393 2474 1151 2510; baseline -0.003 0"><span class='ocrx_word' id='word_1_289' title='bbox 393 2475 527 2510; x_wconf 77' lang='lat' dir='ltr'>Gallici</span> <span class='ocrx_word' id='word_1_290' title='bbox 556 2474 616 2510; x_wconf 90' lang='lat' dir='ltr'>sub</span> <span class='ocrx_word' id='word_1_291' title='bbox 643 2475 855 2510; x_wconf 78' lang='lat' dir='ltr'>Guillielmo</span> <span class='ocrx_word' id='word_1_292' title='bbox 881 2474 1004 2510; x_wconf 88' lang='lat' dir='ltr'>Notho</span> <span class='ocrx_word' id='word_1_293' title='bbox 1032 2487 1151 2510; x_wconf 88' lang='lat' dir='ltr'>eorum</span> 
     </span>
     <span class='ocr_line' id='line_1_56' title="bbox 392 2524 1162 2573; baseline -0.003 -12"><span class='ocrx_word' id='word_1_294' title='bbox 392 2528 492 2561; x_wconf 87' lang='lat' dir='ltr'>Duce</span> <span class='ocrx_word' id='word_1_295' title='bbox 520 2527 629 2560; x_wconf 87' lang='lat' dir='ltr'>Anno</span> <span class='ocrx_word' id='word_1_296' title='bbox 656 2526 834 2561; x_wconf 74' lang='lat' dir='ltr'>MLXVI.</span> <span class='ocrx_word' id='word_1_297' title='bbox 864 2524 1001 2560; x_wconf 67' lang='lat' dir='ltr'>suba&amp;a</span> <span class='ocrx_word' id='word_1_298' title='bbox 1030 2525 1162 2573; x_wconf 51' lang='lat' dir='ltr'>magnis</span> 
     </span>
    </p>
   </div>
   <div class='ocr_carea' id='block_1_12' title="bbox 392 2575 1152 2624">
    <p class='ocr_par' dir='ltr' id='par_1_12' title="bbox 392 2575 1152 2624">
     <span class='ocr_line' id='line_1_57' title="bbox 392 2575 1152 2624; baseline -0.004 -10"><span class='ocrx_word' id='word_1_299' title='bbox 392 2576 598 2621; x_wconf 68' lang='lat' dir='ltr'>Britannia,</span> <span class='ocrx_word' id='word_1_300' title='bbox 626 2577 775 2614; x_wconf 81' lang='lat' dir='ltr'>alterum</span> <span class='ocrx_word' id='word_1_301' title='bbox 802 2575 854 2612; x_wconf 90' lang='lat' dir='ltr'>ibi</span> <span class='ocrx_word' id='word_1_302' title='bbox 883 2577 1043 2624; x_wconf 80' lang='lat' dir='ltr'>Regnum</span> <span class='ocrx_word' id='word_1_303' title='bbox 1075 2576 1152 2613; x_wconf 76' lang='lat' dir='ltr'>fun-</span> 
     </span>
    </p>
   </div>
   <div class='ocr_carea' id='block_1_13' title="bbox 1159 2426 1162 2521">
    <p class='ocr_par' dir='ltr' id='par_1_13' title="bbox 1159 2426 1162 2521">
     <span class='ocr_line' id='line_1_58' title="bbox 1159 2426 1162 2521; baseline 0 511"><span class='ocrx_word' id='word_1_304' title='bbox 1159 2426 1162 2521; x_wconf 95' lang='lat' dir='ltr'> </span> 
     </span>
    </p>
   </div>
   <div class='ocr_carea' id='block_1_14' title="bbox 1214 1873 1219 2480">
    <p class='ocr_par' dir='ltr' id='par_1_14' title="bbox 1214 1873 1219 2480">
     <span class='ocr_line' id='line_1_59' title="bbox 1214 1873 1219 2480; baseline 0 0"><span class='ocrx_word' id='word_1_305' title='bbox 1214 1873 1219 2480; x_wconf 95' lang='lat' dir='ltr'> </span> 
     </span>
    </p>
   </div>
   <div class='ocr_carea' id='block_1_15' title="bbox 1222 804 1984 1208">
    <p class='ocr_par' dir='ltr' id='par_1_15' title="bbox 1222 804 1984 1208">
     <span class='ocr_line' id='line_1_60' title="bbox 1225 804 1982 844; baseline -0.001 -1"><span class='ocrx_word' id='word_1_306' title='bbox 1225 804 1364 843; x_wconf 84' lang='lat' dir='ltr'>testatur</span> <span class='ocrx_word' id='word_1_307' title='bbox 1391 822 1409 843; x_wconf 89' lang='lat' dir='ltr'>a</span> <span class='ocrx_word' id='word_1_308' title='bbox 1438 822 1492 844; x_wconf 89' lang='lat' dir='ltr'>me</span> <span class='ocrx_word' id='word_1_309' title='bbox 1521 809 1654 844; x_wconf 88' lang='lat' dir='ltr'>editum</span> <span class='ocrx_word' id='word_1_310' title='bbox 1684 810 1776 843; x_wconf 49' lang='lat' dir='ltr'>Patmt</span> <span class='ocrx_word' id='word_1_311' title='bbox 1803 810 1848 843; x_wconf 82' lang='grc' dir='ltr'>ΙΙ.</span> <span class='ocrx_word' id='word_1_312' title='bbox 1874 810 1982 844; x_wconf 84' lang='lat' dir='ltr'>Tom.</span> 
     </span>
     <span class='ocr_line' id='line_1_61' title="bbox 1226 858 1983 895; baseline -0.001 -2"><span class='ocrx_word' id='word_1_313' title='bbox 1226 861 1268 893; x_wconf 81' lang='grc' dir='ltr'>ΙΙ.</span> <span class='ocrx_word' id='word_1_314' title='bbox 1298 861 1376 894; x_wconf 77' lang='lat' dir='ltr'>Rer.</span> <span class='ocrx_word' id='word_1_315' title='bbox 1408 860 1635 895; x_wconf 86' lang='lat' dir='ltr'>Italicarum.</span> <span class='ocrx_word' id='word_1_316' title='bbox 1675 861 1790 894; x_wconf 85' lang='lat' dir='ltr'>Immo</span> <span class='ocrx_word' id='word_1_317' title='bbox 1818 858 1846 893; x_wconf 86' lang='lat' dir='ltr'>is</span> <span class='ocrx_word' id='word_1_318' title='bbox 1875 862 1983 893; x_wconf 83' lang='lat' dir='ltr'>Fran-</span> 
     </span>
     <span class='ocr_line' id='line_1_62' title="bbox 1223 909 1983 958; baseline 0.004 -16"><span class='ocrx_word' id='word_1_319' title='bbox 1223 922 1270 943; x_wconf 82' lang='lat' dir='ltr'>cos</span> <span class='ocrx_word' id='word_1_320' title='bbox 1295 910 1401 945; x_wconf 86' lang='lat' dir='ltr'>etiam</span> <span class='ocrx_word' id='word_1_321' title='bbox 1431 924 1473 945; x_wconf 77' lang='lat' dir='ltr'>ex</span> <span class='ocrx_word' id='word_1_322' title='bbox 1502 910 1620 945; x_wconf 88' lang='lat' dir='ltr'>eadem</span> <span class='ocrx_word' id='word_1_323' title='bbox 1649 918 1752 958; x_wconf 85' lang='lat' dir='ltr'>gente</span> <span class='ocrx_word' id='word_1_324' title='bbox 1780 909 1983 958; x_wconf 81' lang='lat' dir='ltr'>progenitos</span> 
     </span>
     <span class='ocr_line' id='line_1_63' title="bbox 1224 959 1983 995; baseline 0.001 -1"><span class='ocrx_word' id='word_1_325' title='bbox 1224 959 1356 995; x_wconf 87' lang='lat' dir='ltr'>censet.</span> <span class='ocrx_word' id='word_1_326' title='bbox 1382 961 1488 995; x_wconf 49' lang='lat' dir='ltr'>Dflnis</span> <span class='ocrx_word' id='word_1_327' title='bbox 1508 960 1638 995; x_wconf 87' lang='lat' dir='ltr'>addunt</span> <span class='ocrx_word' id='word_1_328' title='bbox 1659 960 1721 994; x_wconf 85' lang='lat' dir='ltr'>alii</span> <span class='ocrx_word' id='word_1_329' title='bbox 1741 963 1869 994; x_wconf 70' lang='lat' dir='ltr'>suecos.</span> <span class='ocrx_word' id='word_1_330' title='bbox 1895 961 1983 995; x_wconf 83' lang='lat' dir='ltr'>Clu-</span> 
     </span>
     <span class='ocr_line' id='line_1_64' title="bbox 1224 1009 1984 1059; baseline 0.001 -15"><span class='ocrx_word' id='word_1_331' title='bbox 1224 1011 1338 1046; x_wconf 86' lang='lat' dir='ltr'>verius</span> <span class='ocrx_word' id='word_1_332' title='bbox 1363 1013 1446 1045; x_wconf 75' lang='lat' dir='ltr'>vero</span> <span class='ocrx_word' id='word_1_333' title='bbox 1471 1010 1667 1057; x_wconf 78' lang='lat' dir='ltr'>Norvegiam</span> <span class='ocrx_word' id='word_1_334' title='bbox 1689 1010 1734 1045; x_wconf 90' lang='lat' dir='ltr'>iis</span> <span class='ocrx_word' id='word_1_335' title='bbox 1759 1010 1907 1059; x_wconf 85' lang='lat' dir='ltr'>patriam</span> <span class='ocrx_word' id='word_1_336' title='bbox 1933 1009 1984 1045; x_wconf 79' lang='lat' dir='ltr'>af-</span> 
     </span>
     <span class='ocr_line' id='line_1_65' title="bbox 1224 1060 1981 1109; baseline -0.001 -14"><span class='ocrx_word' id='word_1_337' title='bbox 1224 1060 1349 1109; x_wconf 71' lang='lat' dir='ltr'>fignat.</span> <span class='ocrx_word' id='word_1_338' title='bbox 1378 1064 1479 1095; x_wconf 68' lang='lat' dir='ltr'>Dacos</span> <span class='ocrx_word' id='word_1_339' title='bbox 1506 1060 1659 1096; x_wconf 83' lang='lat' dir='ltr'>tamdem</span> <span class='ocrx_word' id='word_1_340' title='bbox 1691 1061 1753 1096; x_wconf 87' lang='lat' dir='ltr'>alii</span> <span class='ocrx_word' id='word_1_341' title='bbox 1782 1062 1981 1107; x_wconf 74' lang='lat' dir='ltr'>appellant.</span> 
     </span>
     <span class='ocr_line' id='line_1_66' title="bbox 1225 1110 1984 1159; baseline -0.003 -12"><span class='ocrx_word' id='word_1_342' title='bbox 1225 1111 1298 1147; x_wconf 75' lang='lat' dir='ltr'>Nifi</span> <span class='ocrx_word' id='word_1_343' title='bbox 1328 1111 1539 1147; x_wconf 86' lang='lat' dir='ltr'>temeritatis</span> <span class='ocrx_word' id='word_1_344' title='bbox 1576 1111 1745 1159; x_wconf 83' lang='lat' dir='ltr'>quaedam</span> <span class='ocrx_word' id='word_1_345' title='bbox 1773 1110 1901 1158; x_wconf 84' lang='lat' dir='ltr'>species</span> <span class='ocrx_word' id='word_1_346' title='bbox 1929 1110 1984 1145; x_wconf 85' lang='lat' dir='ltr'>vi-</span> 
     </span>
     <span class='ocr_line' id='line_1_67' title="bbox 1222 1160 1981 1208; baseline -0.003 -11"><span class='ocrx_word' id='word_1_347' title='bbox 1222 1162 1294 1197; x_wconf 88' lang='lat' dir='ltr'>deri</span> <span class='ocrx_word' id='word_1_348' title='bbox 1323 1162 1431 1208; x_wconf 76' lang='lat' dir='ltr'>posset</span> <span class='ocrx_word' id='word_1_349' title='bbox 1468 1162 1530 1197; x_wconf 81' lang='lat' dir='ltr'>hac</span> <span class='ocrx_word' id='word_1_350' title='bbox 1559 1161 1595 1197; x_wconf 93' lang='lat' dir='ltr'>in</span> <span class='ocrx_word' id='word_1_351' title='bbox 1623 1175 1658 1197; x_wconf 89' lang='lat' dir='ltr'>re</span> <span class='ocrx_word' id='word_1_352' title='bbox 1685 1163 1704 1196; x_wconf 73' lang='grc' dir='ltr'>ὲ</span> <span class='ocrx_word' id='word_1_353' title='bbox 1732 1170 1788 1196; x_wconf 89' lang='lat' dir='ltr'>tot</span> <span class='ocrx_word' id='word_1_354' title='bbox 1824 1160 1981 1208; x_wconf 80' lang='lat' dir='ltr'>antiquis</span> 
     </span>
    </p>
   </div>
   <div class='ocr_carea' id='block_1_16' title="bbox 949 1211 1983 1260">
    <p class='ocr_par' dir='ltr' id='par_1_16' title="bbox 949 1211 1983 1260">
     <span class='ocr_line' id='line_1_68' title="bbox 949 1211 1983 1260; baseline -0.005 -10"><span class='ocrx_word' id='word_1_355' title='bbox 949 1216 983 1249; x_wconf 78' lang='lat'>8&lt;</span> <span class='ocrx_word' id='word_1_356' title='bbox 1025 1217 1146 1250; x_wconf 85' lang='lat' dir='ltr'>Lunae</span> <span class='ocrx_word' id='word_1_357' title='bbox 1171 1220 1199 1253; x_wconf 79' lang='lat' dir='ltr'>C</span> <span class='ocrx_word' id='word_1_358' title='bbox 1222 1212 1457 1260; x_wconf 87' lang='lat' dir='ltr'>Scriptoribus</span> <span class='ocrx_word' id='word_1_359' title='bbox 1494 1212 1698 1255; x_wconf 62' lang='lat' dir='ltr'>dissentire,</span> <span class='ocrx_word' id='word_1_360' title='bbox 1734 1225 1810 1246; x_wconf 86' lang='lat' dir='ltr'>mea</span> <span class='ocrx_word' id='word_1_361' title='bbox 1848 1211 1983 1246; x_wconf 83' lang='lat' dir='ltr'>senten-</span> 
     </span>
    </p>
   </div>
   <div class='ocr_carea' id='block_1_17' title="bbox 1222 1260 1988 2114">
    <p class='ocr_par' dir='ltr' id='par_1_17' title="bbox 1223 1260 1986 1711">
     <span class='ocr_line' id='line_1_69' title="bbox 1223 1260 1983 1309; baseline -0.004 -11"><span class='ocrx_word' id='word_1_362' title='bbox 1223 1263 1271 1298; x_wconf 80' lang='lat' dir='ltr'>tia</span> <span class='ocrx_word' id='word_1_363' title='bbox 1299 1263 1410 1307; x_wconf 84' lang='lat' dir='ltr'>foret,</span> <span class='ocrx_word' id='word_1_364' title='bbox 1439 1276 1508 1298; x_wconf 87' lang='lat' dir='ltr'>non</span> <span class='ocrx_word' id='word_1_365' title='bbox 1545 1275 1648 1298; x_wconf 86' lang='lat' dir='ltr'>unam</span> <span class='ocrx_word' id='word_1_366' title='bbox 1686 1261 1889 1309; x_wconf 86' lang='lat' dir='ltr'>quampiam</span> <span class='ocrx_word' id='word_1_367' title='bbox 1918 1260 1983 1295; x_wconf 76' lang='lat' dir='ltr'>fin-</span> 
     </span>
     <span class='ocr_line' id='line_1_70' title="bbox 1222 1311 1982 1362; baseline -0.005 -12.989"><span class='ocrx_word' id='word_1_368' title='bbox 1222 1315 1376 1362; x_wconf 75' lang='lat' dir='ltr'>gularem</span> <span class='ocrx_word' id='word_1_369' title='bbox 1417 1314 1608 1349; x_wconf 87' lang='lat' dir='ltr'>Nationem</span> <span class='ocrx_word' id='word_1_370' title='bbox 1648 1314 1890 1348; x_wconf 84' lang='lat' dir='ltr'>Nortmannos</span> <span class='ocrx_word' id='word_1_371' title='bbox 1930 1311 1982 1346; x_wconf 83' lang='lat' dir='ltr'>su-</span> 
     </span>
     <span class='ocr_line' id='line_1_71' title="bbox 1225 1361 1983 1412; baseline -0.004 -13"><span class='ocrx_word' id='word_1_372' title='bbox 1225 1378 1281 1412; x_wconf 84' lang='lat' dir='ltr'>pra</span> <span class='ocrx_word' id='word_1_373' title='bbox 1324 1374 1535 1399; x_wconf 84' lang='lat' dir='ltr'>memoratos</span> <span class='ocrx_word' id='word_1_374' title='bbox 1576 1363 1700 1407; x_wconf 72' lang='lat' dir='ltr'>fuisse,</span> <span class='ocrx_word' id='word_1_375' title='bbox 1742 1362 1797 1398; x_wconf 87' lang='lat' dir='ltr'>sed</span> <span class='ocrx_word' id='word_1_376' title='bbox 1839 1361 1983 1409; x_wconf 84' lang='lat' dir='ltr'>quidem</span> 
     </span>
     <span class='ocr_line' id='line_1_72' title="bbox 1225 1413 1984 1461; baseline -0.003 -13"><span class='ocrx_word' id='word_1_377' title='bbox 1225 1414 1422 1461; x_wconf 73' lang='lat' dir='ltr'>congeriem</span> <span class='ocrx_word' id='word_1_378' title='bbox 1452 1414 1652 1448; x_wconf 79' lang='lat' dir='ltr'>Borealium</span> <span class='ocrx_word' id='word_1_379' title='bbox 1682 1413 1868 1461; x_wconf 82' lang='lat' dir='ltr'>gentium,</span> <span class='ocrx_word' id='word_1_380' title='bbox 1897 1425 1984 1458; x_wconf 86' lang='lat' dir='ltr'>quae</span> 
     </span>
     <span class='ocr_line' id='line_1_73' title="bbox 1223 1461 1983 1505; baseline -0.001 -8"><span class='ocrx_word' id='word_1_381' title='bbox 1223 1476 1264 1497; x_wconf 84' lang='lat' dir='ltr'>ex</span> <span class='ocrx_word' id='word_1_382' title='bbox 1294 1462 1400 1497; x_wconf 87' lang='lat' dir='ltr'>variis</span> <span class='ocrx_word' id='word_1_383' title='bbox 1431 1463 1646 1497; x_wconf 84' lang='lat' dir='ltr'>Nationibus</span> <span class='ocrx_word' id='word_1_384' title='bbox 1677 1461 1849 1505; x_wconf 82' lang='lat' dir='ltr'>conflata,</span> <span class='ocrx_word' id='word_1_385' title='bbox 1877 1463 1910 1496; x_wconf 68' lang='grc' dir='ltr'>δε</span> <span class='ocrx_word' id='word_1_386' title='bbox 1939 1474 1983 1496; x_wconf 84' lang='lat' dir='ltr'>ex</span> 
     </span>
     <span class='ocr_line' id='line_1_74' title="bbox 1226 1511 1982 1560; baseline -0.001 -13"><span class='ocrx_word' id='word_1_387' title='bbox 1226 1513 1363 1547; x_wconf 81' lang='lat' dir='ltr'>Baltico</span> <span class='ocrx_word' id='word_1_388' title='bbox 1399 1511 1495 1547; x_wconf 83' lang='lat' dir='ltr'>Mari</span> <span class='ocrx_word' id='word_1_389' title='bbox 1538 1511 1754 1559; x_wconf 84' lang='lat' dir='ltr'>potiffimum</span> <span class='ocrx_word' id='word_1_390' title='bbox 1797 1511 1982 1560; x_wconf 86' lang='lat' dir='ltr'>prodiens,</span> 
     </span>
     <span class='ocr_line' id='line_1_75' title="bbox 1224 1562 1986 1598; baseline -0.001 -1"><span class='ocrx_word' id='word_1_391' title='bbox 1224 1572 1278 1598; x_wconf 75' lang='lat' dir='ltr'>tot</span> <span class='ocrx_word' id='word_1_392' title='bbox 1315 1562 1576 1598; x_wconf 81' lang='lat' dir='ltr'>calamitatibus</span> <span class='ocrx_word' id='word_1_393' title='bbox 1612 1562 1885 1598; x_wconf 84' lang='lat' dir='ltr'>Meridionalem</span> <span class='ocrx_word' id='word_1_394' title='bbox 1915 1564 1986 1597; x_wconf 83' lang='lat' dir='ltr'>Eu-</span> 
     </span>
     <span class='ocr_line' id='line_1_76' title="bbox 1224 1612 1984 1661; baseline 0.001 -14"><span class='ocrx_word' id='word_1_395' title='bbox 1224 1626 1343 1661; x_wconf 83' lang='lat' dir='ltr'>ropam</span> <span class='ocrx_word' id='word_1_396' title='bbox 1373 1613 1560 1661; x_wconf 79' lang='lat' dir='ltr'>implevit,</span> <span class='ocrx_word' id='word_1_397' title='bbox 1585 1612 1716 1660; x_wconf 79' lang='lat' dir='ltr'>sibique</span> <span class='ocrx_word' id='word_1_398' title='bbox 1744 1626 1836 1648; x_wconf 80' lang='lat' dir='ltr'>nova</span> <span class='ocrx_word' id='word_1_399' title='bbox 1865 1615 1984 1661; x_wconf 76' lang='lat' dir='ltr'>Regna</span> 
     </span>
     <span class='ocr_line' id='line_1_77' title="bbox 1227 1663 1386 1711; baseline 0 -13"><span class='ocrx_word' id='word_1_400' title='bbox 1227 1663 1386 1711; x_wconf 82' lang='lat' dir='ltr'>paravit.</span> 
     </span>
    </p>

    <p class='ocr_par' dir='ltr' id='par_1_18' title="bbox 1224 1713 1988 2114">
     <span class='ocr_line' id='line_1_78' title="bbox 1275 1713 1987 1760; baseline -0.001 -11"><span class='ocrx_word' id='word_1_401' title='bbox 1275 1714 1468 1749; x_wconf 70' lang='lat' dir='ltr'>Nortmanni</span> <span class='ocrx_word' id='word_1_402' title='bbox 1495 1713 1579 1760; x_wconf 88' lang='lat' dir='ltr'>(uti</span> <span class='ocrx_word' id='word_1_403' title='bbox 1608 1713 1798 1748; x_wconf 87' lang='lat' dir='ltr'>didicimus</span> <span class='ocrx_word' id='word_1_404' title='bbox 1825 1714 1843 1747; x_wconf 71' lang='grc' dir='ltr'>ὲ</span> <span class='ocrx_word' id='word_1_405' title='bbox 1881 1713 1987 1749; x_wconf 79' lang='lat' dir='ltr'>Lint-</span> 
     </span>
     <span class='ocr_line' id='line_1_79' title="bbox 1227 1763 1984 1812; baseline -0.003 -13"><span class='ocrx_word' id='word_1_406' title='bbox 1227 1764 1376 1812; x_wconf 82' lang='lat' dir='ltr'>prando,</span> <span class='ocrx_word' id='word_1_407' title='bbox 1398 1763 1566 1810; x_wconf 77' lang='lat' dir='ltr'>simulque</span> <span class='ocrx_word' id='word_1_408' title='bbox 1588 1763 1753 1799; x_wconf 80' lang='lat' dir='ltr'>testantur</span> <span class='ocrx_word' id='word_1_409' title='bbox 1773 1763 1984 1807; x_wconf 83' lang='lat' dir='ltr'>Ermoldus,</span> 
     </span>
     <span class='ocr_line' id='line_1_80' title="bbox 1227 1814 1988 1858; baseline -0.003 -8"><span class='ocrx_word' id='word_1_410' title='bbox 1227 1815 1438 1858; x_wconf 76' lang='lat' dir='ltr'>Aimoinus,</span> <span class='ocrx_word' id='word_1_411' title='bbox 1475 1814 1679 1849; x_wconf 69' lang='lat' dir='ltr'>Willelmus</span> <span class='ocrx_word' id='word_1_412' title='bbox 1718 1814 1844 1857; x_wconf 89' lang='lat' dir='ltr'>Brito,</span> <span class='ocrx_word' id='word_1_413' title='bbox 1883 1814 1988 1848; x_wconf 86' lang='lat' dir='ltr'>Guil-</span> 
     </span>
     <span class='ocr_line' id='line_1_81' title="bbox 1226 1863 1986 1911; baseline -0.001 -12"><span class='ocrx_word' id='word_1_414' title='bbox 1226 1867 1364 1901; x_wconf 84' lang='lat' dir='ltr'>lielrnus</span> <span class='ocrx_word' id='word_1_415' title='bbox 1393 1864 1618 1908; x_wconf 60' lang='lat' dir='ltr'>Amfiienfis,</span> <span class='ocrx_word' id='word_1_416' title='bbox 1646 1866 1679 1899; x_wconf 73' lang='grc' dir='ltr'>δε</span> <span class='ocrx_word' id='word_1_417' title='bbox 1709 1864 1800 1911; x_wconf 83' lang='lat' dir='ltr'>alii)</span> <span class='ocrx_word' id='word_1_418' title='bbox 1830 1863 1920 1898; x_wconf 88' lang='lat' dir='ltr'>nihil</span> <span class='ocrx_word' id='word_1_419' title='bbox 1951 1877 1986 1898; x_wconf 89' lang='lat' dir='ltr'>a-</span> 
     </span>
     <span class='ocr_line' id='line_1_82' title="bbox 1226 1914 1987 1964; baseline -0.003 -14"><span class='ocrx_word' id='word_1_420' title='bbox 1226 1917 1297 1951; x_wconf 86' lang='lat' dir='ltr'>liud</span> <span class='ocrx_word' id='word_1_421' title='bbox 1327 1915 1563 1964; x_wconf 81' lang='lat' dir='ltr'>fignificabat,</span> <span class='ocrx_word' id='word_1_422' title='bbox 1589 1928 1693 1962; x_wconf 86' lang='lat' dir='ltr'>quam</span> <span class='ocrx_word' id='word_1_423' title='bbox 1720 1915 1856 1948; x_wconf 76' lang='lat' dir='ltr'>homines</span> <span class='ocrx_word' id='word_1_424' title='bbox 1877 1914 1987 1960; x_wconf 63' lang='lat' dir='ltr'>Aqui-</span> 
     </span>
     <span class='ocr_line' id='line_1_83' title="bbox 1224 1946 1984 2015; baseline -0.001 -15"><span class='ocrx_word' id='word_1_425' title='bbox 1224 1946 1372 2002; x_wconf 48' lang='lat' dir='ltr'>Ionam?</span> <span class='ocrx_word' id='word_1_426' title='bbox 1396 1980 1483 2015; x_wconf 85' lang='lat' dir='ltr'>quae</span> <span class='ocrx_word' id='word_1_427' title='bbox 1520 1966 1711 2011; x_wconf 82' lang='lat' dir='ltr'>appellatio</span> <span class='ocrx_word' id='word_1_428' title='bbox 1743 1978 1812 2000; x_wconf 87' lang='lat' dir='ltr'>non</span> <span class='ocrx_word' id='word_1_429' title='bbox 1850 1974 1984 1999; x_wconf 85' lang='lat' dir='ltr'>certum</span> 
     </span>
     <span class='ocr_line' id='line_1_84' title="bbox 1226 2014 1986 2072; baseline -0.005 -20"><span class='ocrx_word' id='word_1_430' title='bbox 1226 2018 1426 2065; x_wconf 85' lang='lat' dir='ltr'>quempiam</span> <span class='ocrx_word' id='word_1_431' title='bbox 1464 2017 1659 2072; x_wconf 85' lang='lat' dir='ltr'>Populum,</span> <span class='ocrx_word' id='word_1_432' title='bbox 1693 2014 1748 2050; x_wconf 87' lang='lat' dir='ltr'>sed</span> <span class='ocrx_word' id='word_1_433' title='bbox 1785 2028 1906 2049; x_wconf 85' lang='lat' dir='ltr'>omnes</span> <span class='ocrx_word' id='word_1_434' title='bbox 1935 2016 1986 2049; x_wconf 87' lang='lat' dir='ltr'>A.</span> 
     </span>
     <span class='ocr_line' id='line_1_85' title="bbox 1227 2065 1986 2114; baseline -0.005 -11"><span class='ocrx_word' id='word_1_435' title='bbox 1227 2068 1421 2113; x_wconf 80' lang='lat' dir='ltr'>quilonaris</span> <span class='ocrx_word' id='word_1_436' title='bbox 1457 2065 1610 2114; x_wconf 82' lang='lat' dir='ltr'>regionis</span> <span class='ocrx_word' id='word_1_437' title='bbox 1642 2066 1794 2111; x_wconf 87' lang='lat' dir='ltr'>Populos</span> <span class='ocrx_word' id='word_1_438' title='bbox 1832 2066 1986 2112; x_wconf 68' lang='lat' dir='ltr'>comple&lt;-</span> 
     </span>
    </p>
   </div>
   <div class='ocr_carea' id='block_1_18' title="bbox 1226 2115 1986 2161">
    <p class='ocr_par' dir='ltr' id='par_1_19' title="bbox 1226 2115 1986 2161">
     <span class='ocr_line' id='line_1_86' title="bbox 1226 2115 1986 2161; baseline -0.004 -8"><span class='ocrx_word' id='word_1_439' title='bbox 1226 2119 1352 2153; x_wconf 63' lang='grc' dir='ltr'>ἑὶίωῑ.</span> <span class='ocrx_word' id='word_1_440' title='bbox 1383 2117 1516 2161; x_wconf 53' lang='lat' dir='ltr'>luitur,</span> <span class='ocrx_word' id='word_1_441' title='bbox 1545 2125 1584 2151; x_wconf 89' lang='lat' dir='ltr'>ut</span> <span class='ocrx_word' id='word_1_442' title='bbox 1621 2116 1792 2159; x_wconf 81' lang='lat' dir='ltr'>arbitror,</span> <span class='ocrx_word' id='word_1_443' title='bbox 1821 2118 1838 2150; x_wconf 82' lang='grc' dir='ltr'>ὲ</span> <span class='ocrx_word' id='word_1_444' title='bbox 1874 2115 1986 2150; x_wconf 77' lang='lat' dir='ltr'>Balti-</span> 
     </span>
    </p>
   </div>
   <div class='ocr_carea' id='block_1_19' title="bbox 1215 2166 1988 2216">
    <p class='ocr_par' dir='ltr' id='par_1_20' title="bbox 1215 2166 1988 2216">
     <span class='ocr_line' id='line_1_87' title="bbox 1215 2166 1988 2216; baseline -0.008 -10"><span class='ocrx_word' id='word_1_445' title='bbox 1215 2183 1267 2207; x_wconf 82' lang='lat' dir='ltr'>:co</span> <span class='ocrx_word' id='word_1_446' title='bbox 1309 2167 1507 2216; x_wconf 85' lang='lat' dir='ltr'>praesertim</span> <span class='ocrx_word' id='word_1_447' title='bbox 1550 2166 1586 2202; x_wconf 83' lang='lat' dir='ltr'>in</span> <span class='ocrx_word' id='word_1_448' title='bbox 1629 2169 1807 2201; x_wconf 73' lang='lat' dir='ltr'>Oceanum</span> <span class='ocrx_word' id='word_1_449' title='bbox 1852 2166 1988 2212; x_wconf 85' lang='lat' dir='ltr'>piratae</span> 
     </span>
    </p>
   </div>
   <div class='ocr_carea' id='block_1_20' title="bbox 1227 2216 1989 2573">
    <p class='ocr_par' dir='ltr' id='par_1_21' title="bbox 1228 2216 1989 2419">
     <span class='ocr_line' id='line_1_88' title="bbox 1228 2216 1989 2277; baseline -0.007 -22"><span class='ocrx_word' id='word_1_450' title='bbox 1228 2219 1534 2277; x_wconf 81' lang='lat' dir='ltr'>Septemtrionales</span> <span class='ocrx_word' id='word_1_451' title='bbox 1571 2217 1820 2264; x_wconf 81' lang='lat' dir='ltr'>erumpebant,</span> <span class='ocrx_word' id='word_1_452' title='bbox 1848 2216 1882 2250; x_wconf 72' lang='grc'>8(</span> <span class='ocrx_word' id='word_1_453' title='bbox 1917 2229 1989 2263; x_wconf 88' lang='lat' dir='ltr'>quo</span> 
     </span>
     <span class='ocr_line' id='line_1_89' title="bbox 1228 2266 1985 2318; baseline -0.005 -12.897"><span class='ocrx_word' id='word_1_454' title='bbox 1228 2270 1370 2318; x_wconf 80' lang='lat' dir='ltr'>majoris</span> <span class='ocrx_word' id='word_1_455' title='bbox 1399 2268 1541 2317; x_wconf 85' lang='lat' dir='ltr'>praedae</span> <span class='ocrx_word' id='word_1_456' title='bbox 1571 2266 1641 2315; x_wconf 90' lang='lat' dir='ltr'>spes</span> <span class='ocrx_word' id='word_1_457' title='bbox 1669 2276 1763 2310; x_wconf 73' lang='lat' dir='ltr'>erat,</span> <span class='ocrx_word' id='word_1_458' title='bbox 1792 2266 1878 2301; x_wconf 77' lang='lat' dir='ltr'>illuc</span> <span class='ocrx_word' id='word_1_459' title='bbox 1906 2267 1985 2301; x_wconf 79' lang='lat' dir='ltr'>vela</span> 
     </span>
     <span class='ocr_line' id='line_1_90' title="bbox 1229 2318 1883 2367; baseline -0.011 -11"><span class='ocrx_word' id='word_1_460' title='bbox 1229 2321 1375 2357; x_wconf 87' lang='lat' dir='ltr'>dabant.</span> <span class='ocrx_word' id='word_1_461' title='bbox 1403 2319 1508 2367; x_wconf 82' lang='lat' dir='ltr'>Quod</span> <span class='ocrx_word' id='word_1_462' title='bbox 1548 2332 1628 2354; x_wconf 85' lang='lat' dir='ltr'>vero</span> <span class='ocrx_word' id='word_1_463' title='bbox 1665 2318 1782 2360; x_wconf 77' lang='lat' dir='ltr'>Dazi,</span> <span class='ocrx_word' id='word_1_464' title='bbox 1810 2320 1883 2350; x_wconf 42' lang='lat' dir='ltr'>San:</span> 
     </span>
     <span class='ocr_line' id='line_1_91' title="bbox 1228 2367 1965 2419; baseline -0.007 -13"><span class='ocrx_word' id='word_1_465' title='bbox 1228 2373 1371 2418; x_wconf 78' lang='lat' dir='ltr'>Norvegt&#39;</span> <span class='ocrx_word' id='word_1_466' title='bbox 1399 2370 1575 2419; x_wconf 84' lang='lat' dir='ltr'>propiores</span> <span class='ocrx_word' id='word_1_467' title='bbox 1607 2370 1640 2404; x_wconf 72' lang='lat'>8&lt;</span> <span class='ocrx_word' id='word_1_468' title='bbox 1680 2368 1834 2403; x_wconf 89' lang='lat' dir='ltr'>notiores</span> <span class='ocrx_word' id='word_1_469' title='bbox 1871 2367 1965 2401; x_wconf 74' lang='lat' dir='ltr'>Galli</span> 
     </span>
    </p>

    <p class='ocr_par' dir='ltr' id='par_1_22' title="bbox 1227 2417 1987 2566">
     <span class='ocr_line' id='line_1_92' title="bbox 1227 2417 1985 2466; baseline -0.008 -8"><span class='ocrx_word' id='word_1_470' title='bbox 1227 2422 1363 2466; x_wconf 84' lang='lat' dir='ltr'>forent,</span> <span class='ocrx_word' id='word_1_471' title='bbox 1391 2423 1475 2457; x_wconf 86' lang='lat' dir='ltr'>hinc</span> <span class='ocrx_word' id='word_1_472' title='bbox 1501 2420 1693 2456; x_wconf 64' lang='lat' dir='ltr'>Nortnammi</span> <span class='ocrx_word' id='word_1_473' title='bbox 1720 2432 1840 2453; x_wconf 75' lang='lat' dir='ltr'>omnes</span> <span class='ocrx_word' id='word_1_474' title='bbox 1868 2431 1909 2452; x_wconf 78' lang='lat' dir='ltr'>ex</span> <span class='ocrx_word' id='word_1_475' title='bbox 1939 2417 1985 2452; x_wconf 80' lang='lat' dir='ltr'>iis</span> 
     </span>
     <span class='ocr_line' id='line_1_93' title="bbox 1228 2467 1987 2510; baseline -0.008 -2"><span class='ocrx_word' id='word_1_476' title='bbox 1228 2483 1365 2509; x_wconf 84' lang='lat' dir='ltr'>tanturn</span> <span class='ocrx_word' id='word_1_477' title='bbox 1393 2471 1607 2510; x_wconf 82' lang='lat' dir='ltr'>Nationibus</span> <span class='ocrx_word' id='word_1_478' title='bbox 1633 2469 1776 2505; x_wconf 83' lang='lat' dir='ltr'>conflati</span> <span class='ocrx_word' id='word_1_479' title='bbox 1803 2467 1987 2504; x_wconf 76' lang='lat' dir='ltr'>credeban-</span> 
     </span>
     <span class='ocr_line' id='line_1_94' title="bbox 1228 2517 1981 2573; baseline -0.011 -13"><span class='ocrx_word' id='word_1_480' title='bbox 1228 2534 1303 2559; x_wconf 83' lang='lat' dir='ltr'>tur·</span> <span class='ocrx_word' id='word_1_481' title='bbox 1332 2525 1435 2560; x_wconf 85' lang='lat' dir='ltr'>Dudo</span> <span class='ocrx_word' id='word_1_482' title='bbox 1463 2524 1503 2559; x_wconf 87' lang='lat' dir='ltr'>de</span> <span class='ocrx_word' id='word_1_483' title='bbox 1537 2521 1663 2558; x_wconf 54' lang='lat' dir='ltr'>saneto</span> <span class='ocrx_word' id='word_1_484' title='bbox 1691 2519 1892 2566; x_wconf 80' lang='lat' dir='ltr'>Quintino,</span> <span class='ocrx_word' id='word_1_485' title='bbox 1921 2517 1981 2573; x_wconf 77' lang='lat' dir='ltr'>qui</span> 
     </span>
    </p>
   </div>
   <div class='ocr_carea' id='block_1_21' title="bbox 1227 2566 1984 2668">
    <p class='ocr_par' dir='ltr' id='par_1_23' title="bbox 1227 2566 1984 2668">
     <span class='ocr_line' id='line_1_95' title="bbox 1227 2566 1984 2668; baseline -0.016 -56"><span class='ocrx_word' id='word_1_486' title='bbox 1227 2575 1314 2624; x_wconf 74' lang='lat' dir='ltr'>juffu</span> <span class='ocrx_word' id='word_1_487' title='bbox 1343 2573 1510 2613; x_wconf 82' lang='lat' dir='ltr'>Richardi</span> <span class='ocrx_word' id='word_1_488' title='bbox 1538 2575 1566 2610; x_wconf 82' lang='lat' dir='ltr'>I.</span> <span class='ocrx_word' id='word_1_489' title='bbox 1597 2571 1844 2668; x_wconf 77' lang='lat' dir='ltr'>Normanniae(</span> <span class='ocrx_word' id='word_1_490' title='bbox 1873 2566 1984 2651; x_wconf 56' lang='lat' dir='ltr'>Dutcis</span> 
     </span>
     <span class='ocr_line' id='line_1_96' title="bbox 1864 2630 1919 2654; baseline -0.036 0"><span class='ocrx_word' id='word_1_491' title='bbox 1864 2630 1919 2654; x_wconf 82' lang='lat' dir='ltr'>era</span> 
     </span>
    </p>
   </div>
   <div class='ocr_carea' id='block_1_22' title="bbox 1874 2331 1986 2391">
    <p class='ocr_par' dir='ltr' id='par_1_24' title="bbox 1874 2331 1986 2391">
     <span class='ocr_line' id='line_1_97' title="bbox 1874 2331 1986 2391; baseline 0.013 -42.208"><span class='ocrx_word' id='word_1_492' title='bbox 1874 2331 1986 2391; x_wconf 57' lang='grc' dir='ltr'>δῖ’,ΛΞ</span> 
     </span>
    </p>
   </div>
  </div>
 </body>
</html>
