2195 3032
432 238 515 280 735
743 218 1129 276 ANTJQJJT.
1189 216 1339 260 MED
1354 217 1415 260 11
1466 217 1638 261 AEVJ
1829 227 1918 277 73⁶

330 275 334 278 ⁴
372 274 479 316 Τοῐή.
512 283 534 316 [.
561 282 640 314 Rer.
666 277 818 314 Italicar.
844 278 1051 323 emendavi,
1077 278 1129 312 Vi·
1165 277 1255 316 A³in
1281 277 1365 311 omni
1390 281 1501 323 Regno
1536 275 1739 312 The‘odeberti
1768 281 1870 323 Regu
1888 279 1977 323 sum.

373 331 522 365 eecomr'tis
562 342 627 364 vox
660 329 833 364 occurrit.
871 332 916 364 Et
944 329 1021 365 sane
1058 329 1131 364 veri

372 382 474 415 valde
502 379 639 414 videtur
666 378 797 422 slmile,
820 392 890 414 non
918 379 1129 426 praetermis-

374 430 444 465 sam
473 429 524 464 ibi
556 431 770 463 Vcecomitum
805 430 1043 474 mentionem,
1071 430 1132 478 qui

371 481 594 515 Centenariis
642 491 680 514 ac
719 480 899 524 judicibus
945 481 1131 516 ordinariis

373 531 574 579 praeibant.
605 532 712 564 Porro
740 530 879 574 hujus-‘e
910 533 1062 567 muneris
1089 531 1132 566 est

372 592 490 628 aperta
530 581 820 615 commemoratio
857 581 894 615 in
932 581 1129 625 Capitulari

373 632 493 666 Caroli
515 631 619 666 Calvi
643 633 852 665 Francorum
873 631 977 678 Regis
998 632 1037 666 ad
1058 635 1127 667 An-

370 694 454 716 num
488 683 754 717 DCCCLKIV.
783 682 862 716 illic
889 683 983 717 enim
1014 686 1128 717 Vaeeco-

370 743 461 765 mttes
499 734 664 766 Monetae
703 731 971 778 praeficiuntur.
1009 735 1060 766 Ita
1098 733 1130 769 se

368 781 475 816 habet
502 784 576 817 Lex
604 783 665 816 illa
695 784 783 827 apud
812 783 995 817 Baluzium
1023 784 1129 818 Tom.

367 833 416 868 II.
447 845 521 880 pag.
558 843 637 876 179.
667 834 793 865 Habeat
830 833 1035 878 unusquisque
1071 837 1126 867 Co·

368 895 452 925 mes,
491 896 523 916 m
560 883 647 916 cuius
682 882 840 916 comitatu
874 886 1039 917 ,Μὀηεῐανη
1075 882 1130 928 effe

365 931 537 978 juffimus,
578 933 784 966 Vfcecomitem
816 933 937 976 suum,
974 934 1029 979 qui
1064 947 1129 968 cum

370 985 490 1016 duobus
504 984 580 1017 aliis
597 983 771 1030 haminibus
787 984 853 1017 &c.
866 984 1022 1018 Accedat
1040 997 1130 1018 nunc

368 1032 462 1068 testis
499 1027 789 1078 locuple'ffiffimus
828 1033 1034 1079 Agobardus
1062 1036 1127 1069 Ar-

368 1082 609 1130 chiepiscopus
639 1082 898 1129 Lugdunensis,
924 1083 982 1130 qui
1011 1084 1128 1119 Ludo-

366 1132 441 1167 vici
468 1132 524 1167 Pii
550 1132 697 1180 Augusti
727 1142 838 1166 aetate
867 1132 1008 1167 floruit.
1036 1136 1067 1168 Is
1092 1134 1127 1168 in

368 1182 540 1218 Traffiatu
566 1182 607 1216 de
633 1183 781 1216 Insolen.
802 1182 960 1225 Judaeor.
984 1183 1019 1216 in
1048 1183 1130 1218 haec
1159 1187 1191 1219 C

367 1233 475 1268 verba
512 1232 654 1267 scribit:
696 1233 859 1266 Venientes
879 1233 1006 1276 sudaei
1040 1234 1128 1267 dede-

368 1295 447 1317 runt
473 1283 552 1317 mibi
589 1283 766 1317 [radiculam
792 1297 829 1316 ex
864 1284 984 1316 nomine
1009 1283 1130 1327 vestro,

371 1335 414 1367 (9⁴
448 1335 582 1368 alterum
610 1333 657 1374 εἰ,
689 1333 743 1380 qui
779 1337 902 1379 Pagum
938 1334 1126 1379 Lug-lunen.

363 1384 430 1429 sem
452 1385 522 1417 Vice
541 1384 673 1418 Comitis
693 1384 773 1430 regit
794 1385 860 1418 &aa
884 1383 954 1418 Ubi
976 1383 1130 1418 animad-

370 1433 606 1475 vertendum,
645 1447 730 1468 voce
769 1437 876 1479 Pagus
912 1447 1128 1481 nequaquam

370 1483 556 1531 significari
570 1484 758 1520 Castellum
773 1484 961 1531 quodpiam
978 1494 1037 1518 aut
1051 1484 1125 1520 Vil-

371 1536 463 1578 lam,
482 1534 535 1569 sed
558 1534 698 1582 quidem
720 1534 890 1580 Regionem
911 1534 1130 1579 universam,

369 1585 438 1620 hoc
466 1585 510 1620 est
547 1595 618 1620 tam
647 1585 844 1620 Civitatem
873 1586 977 1631 quam
1005 1585 1126 1620 Comi·

370 1643 485 1670 tatum
524 1633 814 1684 Lugdunensem,
843 1634 912 1669 slve
938 1644 1050 1670 totam
1078 1635 1126 1670 di·
1161 1638 1194 1671 D

373 1685 508 1721 tionem
539 1699 607 1720 non
643 1685 758 1720 minus
786 1685 938 1728 Comitis,
966 1686 1071 1732 quarn
1098 1684 1130 1720 ei

375 1734 520 1771 subnexi
559 1736 768 1770 Vicecomitis.
806 1735 869 1770 Sed
905 1737 1010 1783 longe
1040 1735 1126 1770 anti·

374 1785 533 1832 quiorern
563 1786 776 1820 Vicecomitum
813 1785 1028 1820 mentionem
1058 1799 1129 1820 rur-

375 1835 427 1870 sus
457 1835 556 1870 nobis
590 1835 713 1871 offeret
741 1835 827 1870 Vita
863 1835 980 1871 83ηὲἲί
1010 1835 1129 1870 Mauri

375 1885 550 1928 Abbatis,
579 1884 726 1933 scripta,
752 1894 791 1920 ut
815 1884 945 1929 fertur,
968 1886 986 1919 ὲ
1012 1885 1133 1920 Fausto

373 1936 446 1981 ejus
473 1935 610 1983 aequali
636 1935 722 1977 apud
744 1935 998 1970 Mabillonium
1021 1935 1055 1970 in
1079 1938 1124 1970 A·

373 1986 440 2021 &is
469 1986 622 2021 Sanetor.
649 1985 773 2020 Ordin.
802 1985 918 2020 Sanffi
947 1985 1129 2021 Benediffi

374 2037 500 2072 Seculo
522 2035 657 2083 primo,
675 2048 751 2082 pao.
769 2047 850 2081 291.
872 2036 930 2070 ubi
951 2036 1033 2071 haec
1055 2049 1130 2070 ver-

376 2087 438 2122 ba:
463 2085 647 2122 Praeditslus
665 2085 797 2132 dem'que
815 2086 869 2120 vir
887 2087 1023 2130 Florus,
1038 2099 1132 2133 quum

1227 341 1309 362 mam
1344 328 1494 362 obtineret
1522 329 1724 374 potestatem,
1751 343 1786 363 ac
1823 331 1853 362 V
1852 329 1893 362 ice
1920 331 1981 362 Co·

1227 379 1315 412 mitis
1341 380 1375 412 in
1399 379 1623 420 Andecavenst
1648 392 1680 412 eo
1715 388 1846 425 tempore
1865 378 1980 425 sunge-

1228 439 1310 462 retur
1335 432 1443 475 Pago.
1471 429 1528 462 An
1555 428 1599 464 iis
1625 429 1840 474 temporibus
1866 430 1979 476 plures

1228 478 1341 514 forent
1377 479 1479 514 unius
1515 479 1669 515 Comitis
1701 481 1917 522 Vicecornites,
1944 480 1980 513 δε

1227 543 1269 564 an
1297 529 1456 564 Castellis
1484 528 1540 564 seu
1569 530 1669 575 Pagis
1697 531 1882 577 praeessent
1906 528 1980 564 Mi-

1228 579 1347 622 nistri,
1375 579 1484 614 titulo
1513 579 1698 613 Vicecomitis
1727 579 1796 623 usi,
1821 582 1981 624 explora-

1227 640 1302 665 tum
1322 629 1404 664 satis
1424 643 1494 665 non
1515 628 1644 665 habeo.
1670 632 1815 665 Certum
1835 629 1978 677 quidem

1226 680 1291 724 est,
1313 680 1455 714 Vicarias
1481 681 1675 727 complures
1703 680 1740 715 in
1767 693 1850 728 agro
1877 679 1980 715 Civi-

1227 740 1338 765 tatum
1352 729 1449 765 fuisse
1460 730 1661 765 constitutas
1673 758 1680 765 .
1695 731 1860 765 Baluzius
1870 732 1977 765 Tom.

1228 793 1260 815 2.
1280 780 1475 827 Capitular.
1498 793 1572 828 pag.
1591 788 1698 827 1404.
1715 780 1881 815 Chartam
1904 781 1980 813 An-

1225 844 1271 866 no
1308 832 1523 866 DCCCLV.
1551 841 1724 866 exaratam
1757 829 1886 876 profert
1903 857 1913 873 ,
1941 829 1979 864 in

1226 894 1292 929 qua
1312 882 1409 916 locus
1435 891 1729 916 commemoratur
1753 879 1834 915 situs
1858 881 1895 914 in
1915 883 1980 913 Pa-

1221 945 1261 977 go
1295 931 1454 971 Parifiaco
1489 930 1588 976 (five
1622 931 1659 966 in
1696 931 1882 966 Comitatu
1919 937 1983 971 aut,

1227 981 1392 1016 Distrifflu
1431 980 1666 1028 Parisiorum)
1696 983 1727 1014 in
1760 980 1885 1014 Vicaria
1912 983 1980 1013 Bu-

1224 1032 1378 1075 ciaxt'nse,
1407 1031 1440 1064 in
1470 1032 1557 1066 thla
1583 1033 1711 1066 Dubro.
1748 1032 1894 1065 Certum
1924 1043 1980 1077 pa-

1224 1082 1307 1116 riter
1331 1080 1487 1116 futurum
1512 1082 1579 1125 est,
1607 1080 1858 1122 Vicecomitibus,
1884 1079 1977 1127 quod

1223 1131 1281 1166 sub
1310 1131 1455 1166 Comite
1483 1132 1613 1165 Urbem
1651 1130 1852 1178 quampiam
1883 1142 1978 1177 rege-

1223 1190 1322 1223 rent,
1350 1181 1622 1228 appellationem
1643 1180 1731 1215 hanc
1758 1180 1873 1214 datam
1899 1178 1980 1214 fuis-

1225 1230 1275 1265 se.
1304 1232 1349 1264 Et
1385 1229 1527 1276 quidem
1564 1240 1758 1277 opportune
1785 1229 1918 1264 obtulit
1945 1228 1978 1264 se

1224 1279 1313 1315 mihi
1350 1279 1526 1328 egregium
1564 1289 1858 1322 monumentum,
1885 1279 1980 1326 quod

1225 1330 1450 1375 archetypum
1478 1329 1555 1364 vidi
1592 1329 1684 1364 inter
1710 1328 1858 1364 Charias
1887 1329 1979 1363 anti-

1224 1379 1377 1427 quissimi
1403 1379 1609 1414 Veronensis
1634 1378 1838 1414 Monasterii
1863 1377 1981 1414 Sanfi’ti

1223 1432 1395 1466 Zenonis.
1425 1430 1599 1464 Placitum
1629 1442 1755 1474 nempe
1781 1429 1817 1463 in
1845 1441 1883 1463 ea
1911 1429 1979 1463 Ur-

1226 1482 1264 1516 be
1285 1480 1407 1515 habuit
1423 1482 1530 1515 Anno
1546 1479 1675 1516 Christi
1697 1481 1980 1514 DCCCLXXX.

1223 1533 1408 1567 Adelardus
1434 1534 1551 1564 servus
1572 1530 1732 1574 servorum
1760 1529 1843 1571 Dei,
1871 1528 1982 1564 idem-

1223 1595 1288 1629 que
1311 1580 1486 1621 Veronenfis
1506 1577 1696 1626 Episcopus,
1717 1580 1759 1613 (θ’
1779 1577 1895 1625 Miffus
1910 1581 1980 1615 Ca-

1224 1632 1291 1667 roli
1315 1630 1425 1667 Craffi
1451 1640 1534 1665 tunc
1561 1630 1683 1665 Italiae
1709 1629 1833 1677 Regis:
1863 1629 1919 1664 cui
1947 1642 1980 1664 e-

1224 1682 1309 1717 tiam
1339 1680 1502 1716 interfuit
1527 1680 1703 1716 Audalzari
1731 1681 1895 1714 Vicecomes
1923 1679 1981 1713 Ci-

1225 1733 1341 1766 vttatis
1379 1731 1554 1771 Veronensis
1580 1731 1613 1764 in
1648 1730 1717 1764 vice
1746 1729 1894 1771 Walifrit
1920 1732 1980 1763 Co-

1226 1783 1331 1816 mitis.
1355 1782 1511 1817 Tabulas
1541 1780 1680 1828 accipe,
1705 1788 1809 1826 atque
1838 1778 1889 1813 ibi
1914 1780 1982 1812 No-

1225 1832 1398 1869 thekarium
1433 1831 1541 1866 virum
1569 1830 1717 1872 illustrem
1744 1828 1891 1864 obvium
1920 1827 1981 1863 ha-

1225 1884 1327 1926 bens,
1355 1895 1432 1917 cum
1470 1881 1514 1916 iis
1546 1879 1733 1916 Monachis
1770 1877 1980 1914 contenden-

1225 1943 1318 1975 tem,
1356 1932 1460 1967 liceat
1497 1931 1566 1966 tibi
1603 1930 1790 1977 suspicari,
1827 1943 1868 1964 ex
1905 1927 1981 1975 ipso

1227 1982 1387 2030 prodiisse
1405 1980 1667 2018 Nothekerium
1679 2009 1687 2022 ,
1700 1980 1759 2028 qui
1780 1979 1980 2026 subsequen-

1227 2046 1260 2069 te
1281 2033 1403 2068 Seculo
1424 2031 1573 2068 Decimo
1594 2029 1828 2067 Veronensem
1850 2028 1980 2066 Cathe-

1146 2078 1152 2124 ί
1205 2066 1318 2129 jdram
1347 2082 1482 2119 tenuit.

378 2202 602 2257 Judicatum
641 2201 823 2243 Adelardi
857 2203 1086 2244 Veronensis
1117 2200 1296 2257 Episcopi
1331 2203 1367 2241 δι
1402 2200 1505 2241 Miffi
1540 2198 1673 2241 Caroli
1706 2197 1822 2240 Craffi
1859 2194 1980 2251 Regis

432 2263 474 2304 in
505 2261 652 2302 Palatio
677 2260 915 2309 Veronensi,
938 2260 1042 2310 super
1066 2261 1134 2303 lite
1157 2273 1333 2302 vertente
1354 2261 1457 2300 inter
1484 2257 1763 2299 Monaflerium
1790 2255 1921 2298 Sanffl

532 2320 702 2362 Zenonis
733 2322 770 2360 δε
805 2318 1117 2362 Nothecharium
1151 2319 1337 2362 illustrem
1370 2317 1544 2369 Virum,
1575 2320 1694 2358 Anno
1727 2317 1825 2356 880.

425 2438 460 2470 N
479 2435 599 2469 nomine
627 2436 755 2471 Domini
782 2435 875 2477 nostri
890 2436 973 2480 Jesu
997 2435 1137 2476 Christi.

453 2490 534 2522 Dam
561 2485 711 2530 resedzffet
740 2489 897 2521 Domnus
925 2486 1137 2521 Adellardus

375 2537 634 2583 reveremtffimus
670 2536 861 2586 Episcopus
898 2537 1034 2573 Sanffae
1069 2539 1135 2572 Ve-

1160 2439 1210 2570 Ἴ

1216 2433 1365 2470 ronenfis
1402 2431 1573 2468 Ecclesiae
1608 2433 1642 2466 8<
1680 2430 1805 2467 Missus
1841 2427 1976 2464 Domni

1219 2485 1344 2520 Karoli
1373 2483 1612 2528 vifforiofiffimi
1640 2483 1765 2529 Regis,
1796 2480 1979 2521 confidenti-

1223 2538 1277 2570 bus
1304 2548 1368 2570 ana
1395 2548 1462 2569 cum
1498 2547 1530 2568 eo
1556 2533 1741 2569 Audakari
1770 2531 1978 2566 vicecomes

1823 2579 1927 2616 Civi-
