2195 3032
202 225 282 273 569

518 212 1030 258 DISSERTATJO
1081 213 1343 257 SEXTA.

1605 229 1687 268 570

138 274 190 311 uti
230 277 326 324 supra
355 275 503 314 monui.
541 274 582 308 ab
622 271 953 318 imperatoribuslA
990 273 1175 316 ventanis,
1212 287 1370 322 recepere
1406 272 1554 317 Graeci,
1591 273 1624 308 ἃ
1655 285 1749 321 prae-

139 327 282 362 Graecis
304 336 422 362 contra
444 323 757 372 Langobardorum
785 323 891 371 impe-

140 386 214 411 tum
252 378 285 412 8<
325 377 413 412 vires
448 374 734 409 Occidentalium
773 374 889 422 Augu-

140 427 264 462 storum
284 455 292 463 .

140 479 360 512 Marabionum
379 475 532 524 dignitas
558 474 624 510 sive
646 475 790 510 titulus.
819 475 892 520 Qui

141 527 308 563 Praesides
335 526 376 561 ad
413 539 487 561 earn
520 526 699 575 regionem
728 539 771 561 ex
799 527 893 561 Aula

138 577 529 622 Constantinopolitana
558 577 811 620 mittebantur,
840 577 891 613 in·
933 575 935 577 ¹

138 627 253 675 figniti
284 628 488 676 plerumque
524 626 619 662 fuere
649 627 758 662 titulo
785 631 888 661 Proto-

132 678 290 724 spatarii,
328 688 387 713 aut
414 678 578 724 Strategi,
615 687 676 713 aut
703 678 890 725 Catapani,

137 742 224 777 quae
252 729 396 764 nomina
416 730 434 763 ὲ
455 728 588 763 militia
615 727 770 763 desumta
796 728 889 765 idem

133 778 373 828 dignificavere
414 788 519 826 atque
559 779 780 826 Capitaneus,
822 778 890 814 five

131 832 253 878 primus
279 831 496 877 Capitaneus.
536 830 686 865 Proinde
723 829 801 864 sunt
827 830 888 877 qui

136 890 260 927 putant
296 881 467 927 Capitanei
503 893 630 915 nomen
667 879 888 915 efformatum

132 931 231 967 fuisse
258 933 276 967 ὲ
304 934 438 967 Graeco
467 934 640 977 Campam,
680 930 763 966 idest
793 931 888 978 super

133 996 244 1026 omne,
286 982 378 1029 quasi
421 981 616 1017 Praefectus
656 981 888 1026 Provinciae,

132 1044 192 1069 aut
221 1033 355 1069 cunE‘tis
392 1032 567 1068 militibus
585 1059 594 1067 .
632 1032 694 1066 Sed
723 1031 889 1067 vetustior

131 1084 177 1119 est
204 1085 241 1119 in
270 1085 373 1120 ltalia
400 1083 571 1130 Capitanei
598 1082 811 1131 appellatio,
849 1096 887 1117 ac

131 1135 277 1183 proinde
315 1146 504 1182 numquam
533 1146 604 1168 vox
642 1132 753 1168 nostra
791 1135 886 1180 Capi-

127 1196 242 1220 «t-aneus
268 1186 287 1220 a
323 1187 458 1220 Graeco
494 1187 683 1230 Catapanus
719 1182 888 1219 fluxerit.

130 1238 251 1282 Quum
274 1239 356 1272 verb
383 1235 455 1284 post
476 1244 625 1270 mortem
646 1235 768 1270 Caroli
790 1235 886 1270 Cras-

130 1286 153 1323 fi
182 1286 329 1335 Augusti
366 1288 475 1322 Anno
512 1287 890 1321 DCCCLXXXVIII.

129 1338 322 1373 teterrimis
360 1338 532 1371 bellorum
563 1335 718 1370 motibus
747 1337 885 1371 concus-

131 1388 164 1423 sa
192 1387 298 1423 fuerit
328 1386 431 1422 Italia
448 1413 458 1430 ,
486 1395 570 1421 tunc
597 1399 667 1420 non
696 1385 812 1434 segnes
840 1389 885 1421 O.

131 1438 256 1474 rientis
295 1440 524 1485 Imperatores
556 1436 597 1471 ad
635 1449 728 1472 arma
758 1450 881 1472 convo-

130 1490 269 1533 larunt,
297 1488 497 1536 fafi'cumque
524 1487 569 1523 est
595 1486 632 1522 in
655 1496 751 1521 tanta
770 1501 882 1523 rerum

129 1539 414 1587 perturbatione,
457 1547 495 1574 ut
537 1538 710 1585 potiorem
752 1548 883 1585 partem

128 1590 368 1627 Beneventani
399 1588 620 1636 principatus
644 1589 884 1637 Langobardis

130 1640 337 1688 eriperent3
378 1639 492 1674 immo
519 1641 553 1674 8<
590 1638 663 1686 ipsa
692 1640 882 1674 Beneventi

128 1691 270 1728 Civitas
298 1692 406 1726 Anno
442 1691 655 1725 DCCCXC.
692 1689 728 1724 in
765 1704 883 1726 eorum

127 1743 302 1778 ditionem
327 1739 514 1775 conceffit.
542 1740 665 1787 Ejusce
689 1741 880 1788 expeditio-

128 1792 184 1828 nis
213 1794 295 1826 Dux
323 1790 392 1826 fuit
421 1790 678 1833 Symbaticius,
708 1790 777 1826 five
805 1793 882 1827 Sab-

128 1842 280 1878 baticius
297 1868 306 1884 ,
340 1842 362 1876 a
390 1843 510 1876 Leone
536 1840 678 1876 Ostiensi
707 1841 744 1876 in
772 1842 879 1877 Chro-

128 1893 199 1929 nic.
227 1892 341 1928 Calin.
369 1891 450 1927 Lib.
478 1893 506 1927 1.
533 1894 620 1940 Cap.
645 1905 706 1939 49.
734 1894 882 1941 appella-

127 1952 184 1980 tus
212 1943 390 1989 Imperialis
417 1942 688 1987 Protospatarius,
725 1944 768 1976 (9¹
793 1947 879 1978 Stra.

128 1995 195 2042 tigo
236 1993 471 2036 Macedoniae,
507 1993 661 2027 Thraciae
685 2020 695 2037 ‚
730 1994 881 2040 Cephalo-

127 2046 200 2080 niae
223 2072 233 2088 ,
273 2056 367 2090 atque
411 2044 652 2090 Langobardiae
674 2070 683 2078 .
726 2044 882 2079 Nomine

129 2105 243 2130 autem
273 2095 542 2142 Langobardiae,
580 2093 632 2129 uti
670 2107 741 2129 non
777 2094 881 2130 semel

127 2145 319 2194 significavi
344 2173 353 2187 ‚
399 2143 638 2194 designabatur
678 2158 716 2179 ea
756 2144 880 2192 regio,

129 2208 233 2243 quam
272 2196 457 2233 debellatis
494 2195 736 2245 Langobardis
773 2198 879 2232 Bene-

335 426 413 460 Illic
457 425 494 459 in
534 424 594 460 usu
637 425 785 460 minime
826 424 893 459 fuit

987 322 1088 371 cipue
1145 325 1280 371 Apulia
1306 351 1314 359 .
1360 324 1590 360 Succeffouem
1638 327 1748 359 Anno

989 374 1236 409 DCCCXCII.
1253 374 1387 423 accepit
1403 375 1637 420 Symbaticius
1653 377 1748 409 Geor-

982 424 1095 471 gium,
1138 425 1179 460 ab
1221 425 1364 460 Ostiensi
1408 425 1532 461 itidem
1577 440 1747 462 memor-a-

987 485 1062 510 tum
1086 502 1095 519 ,
1137 477 1170 510 8<
1209 477 1251 511 ab
1290 479 1485 523 Anonymo
1529 477 1748 513 salernitano

988 525 1077 574 apud
1121 527 1362 576 Peregrinium
1409 536 1495 576 part.
1548 529 1574 562 Ι.
1616 527 1746 564 Hister.

988 577 1210 625 Langobard.
1247 579 1369 626 Atque
1411 579 1441 613 is
1477 577 1598 613 eodem
1638 581 1746 614 Anno

988 628 1128 675 Majoni
1166 628 1302 664 Abbati
1339 628 1456 664 Sancti
1488 629 1672 665 Vincentii
1703 629 1744 664 ad

988 681 1205 714 Vulturnum
1243 678 1469 715 confirmavit
1509 680 1576 715 tria
1618 681 1746 715 Mona-

920 736 946 769 Β
984 728 1082 764 steria
1119 729 1155 765 in
1196 731 1442 766 Beneventana
1478 730 1621 779 regione
1658 729 1744 766 sita.

984 779 1172 828 Diploma,
1192 779 1261 816 five
1280 781 1449 825 Entilraa,
1477 782 1531 817 uti
1559 781 1636 817 illic
1657 794 1746 816 nun-

984 841 1130 878 cupatur
1164 833 1299 867 Graeco
1338 832 1537 876 vocabulo,
1576 832 1679 867 habes
1707 831 1745 866 iri

985 881 1165 916 Chronico
1207 882 1360 930 ejusdem
1401 882 1634 926 Monasterii,
1676 881 1745 916 ibi·

985 945 1052 979 que
1073 933 1269 980 appellatur
1289 933 1441 979 Georgius
1460 933 1640 975 Patritius,
1668 935 1746 966 Pro.

984 983 1194 1028 tospararius,
1222 984 1267 1016 (9·
1285 984 1468 1029 Stratigns.
1496 983 1531 1017 Si
1557 984 1654 1029 plura
1676 984 1744 1017 Le-

983 1032 1058 1067 Clor
1086 1032 1183 1080 cupit
1211 1032 1252 1068 de
1280 1035 1417 1067 Marcha
1453 1033 1612 1077 Tatina,
1649 1046 1740 1068 nunc

984 1082 1129 1130 Aprutii
1160 1092 1256 1130 parte
1295 1084 1332 1118 in
1372 1086 1494 1131 Regno
1536 1084 1743 1132 Neapolita·

983 1146 1049 1177 no,
1085 1134 1120 1168 3<
1148 1133 1189 1168 de
1226 1135 1364 1168 Mai-cha
1397 1134 1618 1179 Tridentina,
1658 1135 1741 1170 Pro-

924 1190 952 1223 Ε
985 1184 1121 1219 vinciae
1149 1187 1305 1219 Venetae
1343 1184 1586 1229 contermina,
1623 1198 1662 1220 ac
1699 1187 1741 1221 de

982 1235 1062 1271 aliis
1108 1235 1332 1284 posteriorum
1376 1237 1600 1271 Saeculorum
1642 1238 1739 1271 Mar·

982 1286 1080 1329 eliis,
1108 1287 1207 1321 adeat
1229 1286 1517 1322 Differ-tationem
1538 1300 1648 1335 nuper
1666 1288 1740 1322 lau-

981 1336 1098 1371 datam
1134 1335 1324 1372 dofiiiffimi
1363 1337 1517 1372 Beretti.
1556 1338 1740 1373 Narratio-

984 1400 1063 1422 nem
1092 1388 1230 1422 claudat
1259 1396 1527 1423 monumentum
1565 1388 1740 1424 ineditum

983 1439 1022 1472 ad
1029 1438 1149 1473 liuc'ad
1163 1439 1346 1485 Gregorium
1361 1439 1627 1486 Protospatarium
1642 1442 1739 1487 Impe-

982 1489 1091 1524 rialem
1120 1491 1162 1523 (9⁶
1191 1493 1392 1536 Campanum
1418 1491 1534 1525 Italiae
1560 1489 1738 1538 spefiians,

982 1540 1043 1586 qui
1085 1542 1177 1575 ultra
1220 1550 1361 1575 centum
1402 1542 1444 1576 ab
1486 1540 1590 1576 illinc
1631 1555 1739 1577 annos

983 1590 1125 1625 floruit.
1155 1591 1275 1626 Debeo
1295 1590 1384 1626 illud
1406 1590 1609 1627 Clariffimo
1630 1605 1739 1638 quon-

920 1632 949 1664 Β
982 1640 1058 1675 dam
1088 1640 1178 1675 Viro
1207 1642 1251 1675 D.
1288 1642 1481 1676 Benedissto
1519 1642 1739 1687 Bacchinm,

977 1690 1039 1741 qui
1073 1704 1119 1725 ex
1155 1690 1316 1726 Archivo
1352 1690 1561 1726 nobilissimi
1598 1694 1739 1728 Coeno-

979 1742 1030 1777 bii
1066 1739 1256 1777 casinensis
1293 1740 1538 1789 descripserat,
1577 1743 1611 1777 ὃς
1650 1743 1740 1780 mihi

981 1792 1048 1827 fuit
1093 1791 1320 1840 impertitus.
1366 1792 1511 1835 JunE'tus
1552 1792 1652 1828 simul
1699 1793 1736 1828 in

980 1842 1180 1878 membrana
1206 1842 1386 1890 legebatur
1413 1852 1530 1877 textus
1557 1845 1709 1879 Graecus
1726 1871 1737 1889 ,

979 1895 1012 1928 δ(
1041 1892 1172 1929 Latina
1195 1891 1323 1927 versio.
1353 1892 1560 1928 Postremam
1582 1903 1738 1930 tantum-

979 1944 1083 1978 modo
1119 1942 1252 1979 Leaor
1278 1942 1453 1992 accipiat;
1492 1957 1604 1992 neque
1639 1945 1735 1981 enim

975 1993 1103 2029 Graeci
1141 1993 1354 2029 charaeteres
1390 1993 1583 2043 descripti,
1620 1995 1674 2031 uti
1701 2009 1735 2032 e.

919 2052 947 2085 E
973 2054 1052 2080 rant
1078 2044 1115 2080 in
1137 2044 1377 2094 autographo,
1405 2058 1484 2080 cum
1512 2047 1733 2093 compendiis

975 2108 1045 2131 non
1075 2107 1216 2144 paucis,
1243 2096 1342 2131 suum
1369 2094 1504 2132 sensum
1532 2096 1614 2132 satis
1641 2097 1732 2134 mihi

976 2145 1178 2195 prodidere.

1586 2602 1683 2636 ffirm-
