2195 3032
164 249 244 288 393

101 292 241 340 quidem
269 292 444 340 pluribus,
465 289 527 337 qui
554 301 650 323 more
670 286 857 323 Comitum

100 344 195 380 suam
224 342 368 390 quisque
397 340 595 376 Civitatem
631 347 790 387 regerent
819 351 858 373 ac

100 404 298 429 tuerentur.
316 391 475 438 Denique
486 390 526 425 ad
543 388 742 438 hujusmodi
755 390 856 436 quae-v

101 444 246 480 stionem
274 440 517 478 absolvendam
541 449 738 488 opportuna
767 439 857 474 mihi

102 495 290 536 videntur,
319 504 405 538 quae
442 490 642 526 Hadrianus
681 492 772 538 Papa
801 490 857 525 ha-

104 546 161 581 bet
188 544 223 579 in
251 542 404 590 Epistola
429 543 487 578 60.
515 541 556 577 ad
583 542 753 577 Carolum
780 543 858 576 Ma·

101 606 207 643 gnum
245 595 457 628 Francorum
495 595 626 641 Regem
664 591 753 641 apud
787 594 858 627 Du·

102 643 316 685 Chesnium,
336 645 443 679 Torn.
469 645 533 679 III.
559 643 725 691 Scriptor.
755 646 875 678 Fran-.

103 694 190 738 cic.,
215 693 363 741 scripta,
386 702 424 728 ut
448 693 668 739 conjecturae
694 693 858 738 suadent,

101 744 243 781 circiter
269 746 416 780 Annum
444 746 716 780 DCCLXXVI.
745 743 799 779 Ibi
826 757 858 779 e·
893 757 931 790 Β

883 293 917 327 A

447 228 949 275 DISSERTATIO

102 796 178 831 nim
208 795 424 831 mentionem
452 794 538 830 facit
570 794 777 843 Reginaldi,
807 794 862 841 qui

103 860 183 880 nnnc
218 848 251 881 in
280 845 412 887 Ctufina
439 846 586 881 civitate
614 849 690 880 Dux
726 844 781 889 ‘’ffl'
806 845 858 879 vi-

101 899 211 932 detur.
249 899 303 932 Ex
340 895 463 932 iisdem
494 895 627 932 Literis
655 895 859 939 deducitur,

103 957 186 982 tunc
213 960 288 983 eam
309 947 507 985 Civitatem
534 946 693 996 spectasse
718 945 760 981 ad
786 948 855 982 Tu·

103 998 209 1033 sciam
239 998 573 1046 Langobardorum,
610 1011 649 1033 ac
681 1006 861 1046 propterea

104 1049 144 1084 ad
174 1049 343 1085 Carolum
369 1058 451 1085 tunc
479 1049 602 1083 Italiae
631 1051 784 1096 Regem,
810 1047 858 1095 ip·

104 1099 248 1147 sumque
279 1098 510 1147 Reginaldum
541 1112 583 1134 ex
611 1098 773 1140 Gastala'io
800 1101 860 1133 Ca-

96 1150 157 1192 Δ[ἔνι’
173 1149 355 1184 Felicitatis
380 1158 531 1185 creatum
559 1148 657 1184 fuiffe
682 1149 723 1184 ab
741 1148 861 1184 eodem

104 1203 199 1248 Rege
226 1203 343 1235 Ducem
370 1200 558 1241 Clusinum.
597 1199 724 1235 Rursus
752 1199 789 1234 in
818 1202 861 1234 E-
892 1208 922 1242 C

104 1251 225 1299 pistola
256 1263 316 1298 74.
353 1250 447 1286 idem
485 1250 650 1286 Pontifex
681 1251 862 1298 conqueri-

105 1312 162 1337 tur
184 1301 273 1349 apud
299 1302 469 1337 Carolum
495 1304 625 1350 Regem
651 1301 692 1336 de
717 1300 862 1336 invasio-

104 1366 170 1396 ne,
200 1365 294 1399 quam
330 1353 578 1386 Gundibrandus
605 1354 681 1385 Dux
708 1352 866 1385 Civitatis

106 1403 311 1438 Florentinae
335 1402 368 1436 in
392 1402 583 1443 Monasterio
602 1401 716 1436 Sanft'i
741 1402 866 1436 Hilarii

107 1453 243 1500 ingerit.
269 1452 450 1488 Evincunt
474 1452 580 1496 haec,
607 1451 626 1486 fi
655 1452 760 1500 probe
785 1465 865 1500 pen·

106 1504 244 1548 femur,
274 1511 354 1538 ante
382 1504 528 1538 Annum
557 1504 702 1538 DCCC.
729 1515 800 1538 non
829 1517 862 1538 u-

106 1567 213 1598 num,
239 1553 295 1589 sed
320 1554 434 1601 plures
459 1557 560 1588 Duces
583 1552 704 1589 eodem
731 1561 864 1600 tempo-

105 1618 142 1640 re
169 1604 206 1639 in
228 1603 358 1639 Tuscia
378 1603 498 1648 fuisse,
523 1605 556 1639 &
579 1602 771 1640 Lucensem
794 1605 865 1638 Du·

107 1667 184 1690 cem
208 1654 364 1688 nondum
390 1655 443 1702 jus
470 1654 594 1689 dixisse
617 1653 796 1689 universae
824 1654 864 1689 51„
884 1665 885 1670 ¹

106 1705 134 1740 li
163 1703 390 1739 Provinciae.
421 1703 557 1739 Deinde
586 1708 668 1740 vero
695 1705 864 1752 imperan-

106 1766 141 1791 te
162 1754 349 1790 Ludovico
368 1753 455 1798 Pio,
478 1763 516 1790 ut
536 1754 683 1790 habetur
704 1755 740 1790 in
764 1757 864 1790 Fran-

109 1818 230 1841 corum
252 1804 452 1840 Annalibus
477 1805 518 1839 ad
545 1807 690 1840 Annum
717 1802 886 1842 DCCC-¹

111 1856 280 1891 XXVIII.
308 1855 492 1898 Bonifizcius
512 1857 555 1890 II.
579 1855 735 1904 egregius
762 1828 886 1890 Comes¹

110 1907 249 1942 videtur
277 1905 398 1940 latiori
435 1906 601 1953 potestate
630 1906 727 1949 usus,
755 1908 790 1941 δε
818 1921 866 1942 re-

109 1956 218 2005 liquis
246 1956 376 2000 Tusciae
403 1957 578 1990 Comitibus
614 1957 793 2004 praefuisse
831 1971 868 1992 ac

109 2006 320 2054 imperasse,
358 2006 641 2054 quandoquidem
678 2007 723 2042 iis
759 2007 800 2043 ad
837 1987 887 2043 se⁴

111 2057 234 2094 accitis
268 2065 390 2092 contra
420 2057 552 2092 Piratas
588 2057 733 2094 Africae
768 2071 869 2107 expe-

110 2108 284 2144 ditionem
313 2106 481 2156 suscepit.

160 2162 215 2195 At
243 2166 336 2194 certe
366 2167 465 2193 extra
495 2157 729 2195 dubitationis
758 2160 869 2196 aleam

113 2209 261 2259 positum
298 2208 372 2253 est,
408 2210 624 2244 Adnlbertum
660 2213 685 2246 I.
723 2211 795 2258 ejus
832 2201 889 2256 sbi

113 2261 201 2296 lium
215 2288 224 2304 ,
250 2270 353 2307 atque
379 2259 481 2307 hujus
501 2261 711 2297 successores
731 2261 868 2297 univer·
886 2257 890 2296 l

112 2310 184 2345 sam
210 2311 331 2347 rexisse
359 2310 526 2346 Tusciam
555 2311 664 2348 titulo
692 2313 791 2347 Ducis
817 2322 866 2347 at-

114 2374 182 2409 que
206 2363 419 2397 Man-chionis.
446 2362 539 2398 Vide
563 2362 652 2398 infra
678 2363 715 2399 in
742 2364 866 2399 Differ-

112 2420 177 2446 tat.
203 2414 245 2447 X.
271 2414 308 2446 de
335 2413 456 2448 Minor.
475 2413 592 2457 Justit.
616 2414 761 2456 Mim'str.
793 2415 866 2449 Pla-

112 2462 224 2497 citum
252 2462 293 2497 ab
321 2476 361 2497 eo
394 2462 554 2499 habitum
582 2466 691 2500 Anno
720 2467 867 2500 DCCC·

113 2514 265 2549 XLVH.
308 2512 367 2547 ubi
408 2515 601 2560 appellatur
636 2516 870 2559 Inlustriffimus

111 2567 208 2602 Dux.
238 2561 382 2599 Dicitur
406 2563 511 2599 etiam
536 2568 643 2600 Comes
662 2567 705 2600 Θ
724 2566 868 2600 Mat-chio

897 1666 928 1698 D

998 229 1369 287 QJJNCTA.
1569 248 1652 290 394

948 288 1040 324 idem
1069 289 1281 324 Adalbertus
1309 291 1336 324 I.
1373 289 1410 325 in
1440 291 1568 327 tabulis
1596 296 1614 328 a
1652 306 1709 331 me

949 338 1126 387 produfitis
1153 342 1241 389 Cap.
1269 342 1383 376 XXH.
1412 354 1488 391 pag.
1519 355 1602 380 210.
1633 346 1710 381 An-

946 390 1107 437 tiquitat.
1128 390 1255 426 Estens.
1284 391 1389 437 Quod
1415 392 1436 426 fi
1464 407 1533 429 non
1558 394 1612 431 his
1632 404 1709 433 tan.

947 443 1022 475 tum
1049 440 1166 476 titulis
1195 441 1376 488 Principes
1403 442 1431 479 ii
1460 444 1618 495 insigniti
1646 461 1711 484 no.

949 491 1000 526 bis
1021 501 1208 528 occurrunt
1228 492 1265 528 in
1287 493 1430 529 Chai-tis
1451 497 1629 544 antiquis,
1654 499 1709 535 sed

948 541 1124 578 interdum
1154 543 1262 578 etiam
1291 545 1443 589 Comitis,
1483 548 1534 582 uti
1568 549 1710 596 jampsi.

947 591 1025 628 dem
1047 593 1187 629 monuit
1207 594 1447 631 Florentinius
1468 597 1504 632 in
1524 599 1607 634 Vita
1630 602 1710 636 Ma.

929 638 1092 680 ³thildis:
1123 657 1193 679 non
1217 644 1286 679 alia
1312 645 1353 680 de
1378 647 1488 682 caussa
1514 648 1549 684 id
1577 648 1709 688 faEtum

946 694 1084 741 opinari
1109 694 1215 739 licet,
1238 694 1300 729 nifi
1327 695 1410 743 quia
1437 708 1573 746 praeter
1598 702 1709 738 totius

948 743 1097 780 Tusciae
1127 744 1381 782 Praefecturam
1401 775 1411 791 ,
1449 748 1476 784 ii
1514 749 1622 786 titulo
1651 757 1711 787 Co.

930 796 1036 829 ·mitis
1064 795 1125 831 uni
1152 796 1310 833 Civitati
1338 798 1536 846 praefuere,
1572 801 1638 838 hoc
1666 805 1711 840 est

949 846 1116 882 Lucenfi.
1148 848 1245 883 Inter
1271 861 1494 897 pergamenas
1523 852 1713 901 Archiepi.

949 895 1059 944 scopii
1087 897 1237 945 ejusdem
1265 899 1372 934 Urbis
1399 913 1502 935 unam
1530 902 1604 937 vidi
1632 903 1714 939 scri-

950 957 1044 994 ptam
1064 951 1166 982 Anno
1185 949 1417 983 Incarnationis
1438 954 1627 988 DCCCXC.
1645 955 1712 1001 post

950 998 1036 1031 ovito
1076 999 1194 1033 Karoli
1233 1001 1434 1045 Imperatoris
1468 1005 1569 1036 Jsnno
1607 1005 1714 1039 Terti0

952 1047 1073 1095 (nulla
1101 1047 1179 1083 heic
1209 1049 1314 1097 Regis
1341 1049 1431 1086 facta
1458 1054 1593 1089 mentio
1620 1054 1713 1091 indi·

952 1107 1031 1142 cat,
1068 1099 1225 1135 nondum
1253 1100 1291 1136 in
1319 1101 1485 1138 Tusciam
1524 1107 1713 1152 penetrasse

953 1149 1201 1185 auctoritatem
1230 1152 1431 1200 Berengarii
1461 1156 1510 1197 L,
1539 1165 1599 1191 aut
1626 1157 1715 1193 Gui-

953 1199 1053 1235 donis
1082 1201 1122 1235 de
1149 1203 1272 1251 Regno
1297 1211 1380 1238 tunc
1406 1207 1713 1257 concertantium)

957 1253 1010 1286 VI.
1033 1252 1358 1298 Kalendassunias‚
1379 1255 1556 1290 ludit-‘lione
1583 1258 1715 1295 offatm.

957 1301 1008 1336 Ibi
1038 1303 1229 1338 Viventius
1253 1304 1436 1349 Presbyter
1463 1305 1552 1342 bona
1580 1322 1716 1355 permu-

955 1360 1007 1386 tat
1037 1365 1114 1387 cum
1145 1353 1301 1389 Gerardo
1338 1356 1482 1391 Lucensi
1522 1358 1716 1409 Episcopo.

956 1405 1002 1435 Et
1023 1404 1224 1438 amalbertus
1243 1407 1351 1439 Comes
1374 1406 1491 1440 ditexit
1511 1408 1625 1455 Missos
1642 1412 1716 1456 suos

955 1451 1148 1498 (videlicet
1173 1454 1212 1489 ad
1239 1455 1462 1492 aestimandas
1488 1461 1642 1508 terras).
1669 1464 1717 1496 Hi

953 1502 1028 1545 sunt
1043 1504 1209 1549 Roffridus
1225 1508 1379 1541 Notarius
1399 1509 1441 1540 (9⁴
1457 1512 1482 1542 5
1483 1509 1633 1545 chabinus
1650 1514 1716 1548 &n

958 1554 1075 1588 Habes
1112 1554 1189 1590 heic
1221 1556 1454 1593 Adalbertum
1484 1561 1529 1595 Π.
1569 1562 1719 1600 Tusciae

959 1604 1202 1640 Max-chionen]
1224 1608 1358 1641 Comitis
1382 1610 1619 1656 appellatione
1644 1623 1720 1649 tan-

957 1654 1141 1689 tummodo
1169 1655 1358 1692 donatum.
1391 1659 1444 1693 Ita
1472 1659 1508 1695 in
1538 1661 1618 1696 aliis
1644 1665 1720 1699 An.

959 1704 994 1739 ni
1012 1706 1316 1742 DCCCLXXIV.
1335 1710 1368 1742 ἃ
1386 1709 1484 1744 Anni
1505 1712 1719 1751 DCCCLV.

957 1768 995 1790 ac
1025 1757 1204 1792 DCCCL.
1234 1759 1368 1794 Contra
1406 1760 1441 1794 in
1471 1760 1604 1797 Charta
1640 1778 1720 1801 exa.

958 1807 1030 1841 rata
1058 1808 1270 1854 Berengarius
1291 1810 1404 1856 gratia*
1431 1812 1496 1844 Dei
1522 1816 1612 1848 Rex.
1643 1820 1720 1850 An-

959 1870 995 1889 no
1022 1858 1131 1904 Regni
1157 1857 1225 1901 ejus
1254 1862 1320 1893 Deo
1345 1861 1481 1907 propftlo
1509 1865 1601 1898 XIII.
1631 1868 1720 1901 Duo.

956 1907 1070 1941 decimo
1098 1909 1265 1943 Kalendas
1292 1912 1503 1956 Septembris,
1541 1915 1717 1951 IndiHione

959 1959 1017 1992 ΠῙ.
1036 1986 1046 2001 ,
1081 1957 1164 1993 idest
1194 1961 1301 1995 Anno
1332 1963 1510 1998 DCCCC.
1548 1964 1720 2003 Adalber.

957 2017 1010 2043 tus
1031 2008 1268 2046 Subdiaconus
1290 2019 1396 2046 terras
1418 2023 1614 2050 commutat
1635 2030 1715 2054 cum

960 2060 1063 2094 Petro
1100 2060 1274 2108 Episcopo
1306 2062 1475 2107 Lucens1‚
1515 2066 1548 2100 ὃ(
1586 2066 1626 2102 ad
1665 2082 1719 2105 eas

902 2116 930 2149 E
960 2109 1145 2145 visitandas
1170 2113 1370 2147 Adalbertus
1394 2117 1471 2148 Dux
1493 2117 1612 2150 direxit
1637 2120 1721 2164 Mis-

952 2160 1003 2204 fhs
1020 2161 1111 2205 snos.
1139 2161 1233 2197 Idem
1261 2163 1391 2212 legitur
1416 2164 1452 2199 in
1479 2166 1585 2202 altera
1608 2168 1719 2205 Char.

960 2220 994 2246 ta
1021 2210 1148 2260 scripta
1174 2217 1275 2248 ‹A'mio
1303 2219 1375 2249 XX.
1402 2216 1559 2251 Ludovici
1582 2220 1719 2265 Impera.

959 2262 1055 2307 toris,
1092 2267 1184 2297 Sexto
1213 2265 1288 2298 Idus
1317 2266 1507 2309 Februarii,
1545 2270 1718 2306 Indiffioue

962 2315 1043 2357 HL,
1059 2312 1142 2348 idest
1162 2315 1270 2349 Anno
1294 2317 1540 2353 DCCCLXX.
1562 2320 1613 2355 Ita
1633 2334 1718 2367 quo.

960 2376 1026 2410 que
1042 2365 1078 2398 in
1090 2363 1233 2400 Chartis
1247 2368 1431 2402 Annorum
1447 2369 1717 2409 DCCCLXIV.

962 2415 1263 2451 DCCCLXXIV.
1300 2418 1638 2458 DCCCLXXXVI.
1678 2425 1718 2460 In

943 2464 1093 2507 {Charta
1129 2469 1211 2501 vero
1249 2469 1461 2516 autographa
1499 2471 1717 2521 conscripta,

943 2510 945 2556 ἶ
960 2520 1128 2561 Regnartte
1148 2519 1268 2551 Domno
1283 2518 1378 2561 nostro
1394 2522 1604 2568 Berengarlus
1616 2551 1624 2566 ,
1642 2537 1718 2570 gra-

942 2565 1008 2609 ]tid
1033 2566 1099 2601 Dei
1124 2569 1295 2614 Imperator
1315 2570 1502 2617 fflgustus,
1527 2577 1627 2608 ΙᾸηπο
1654 2577 1717 2609 Im-

1589 2624 1673 2674 perii
